3218 5370
594 616 946 660 uuusnoufloumzusnu.

210 790 264 857 Vs.
293 785 396 854 1130.
428 799 553 856 σκαιοῖσι
576 792 633 873 γοέρ
656 817 699 857 σοι
723 794 810 858 καινοὶ
833 796 998 876 προσφέρων
1022 797 1105 878 σοφοὶ

432 904 532 982 μοῖσνν
555 906 722 977 ἀναλίσκοις
745 906 792 970 οῖν.

255 1018 331 1081 Eur.
354 1017 438 1080 Med.
464 1021 545 1082 299:

430 1137 556 1194 σκαιοῖσι
579 1132 634 1207 μὲν
659 1131 715 1212 γὰρ
740 1132 827 1196 καινοὶ
851 1135 1017 1215 προσφέρων
1038 1135 1121 1215 σοφοὶ

430 1240 519 1316 δόξεις
543 1245 659 1323 οῖχρεῖος
683 1247 733 1309 κού
759 1248 850 1326 σοφὸς
873 1247 1044 1326 πεφυκέναι.

254 1356 378 1448 Porson
401 1357 440 1419 ad
472 1357 556 1420 Med.
586 1360 761 1442 suspicatur
786 1360 968 1445 Euripidem
993 1362 1149 1446 scripsisse
1172 1362 1255 1441 σοφοὶ
1278 1363 1332 1425 sed

208 1478 315 1556 postea
346 1472 593 1555 „Aristophanis
626 1473 865 1557 reprehensione
897 1483 1074 1558 permotum
1105 1475 1187 1555 σοφοὶ
1219 1475 1252 1537 in
1275 1474 1329 1547 έπν

208 1586 404 1663 „mutasse”
430 1584 523 1664 Quod
547 1591 651 1648 tamen
674 1609 736 1649 uon
760 1587 921 1671 probabile
944 1596 1000 1664 est,
1027 1611 1097 1651 cum
1118 1587 1247 1650 Medeae
1266 1611 1331 1650 ver-

208 1721 278 1762 sum
300 1697 428 1760 minime
452 1704 488 1760 ut
512 1698 750 1781 reprehenderet
774 1700 920 1763 attulerit
944 1702 1009 1778 An,
1035 1701 1087 1763 sed
1111 1701 1184 1783 quia
1204 1701 1329 1763 adeius

208 1833 298 1872 usum
322 1810 656 1873 accommodatissimus
680 1818 754 1874 erat.
781 1812 871 1874 Nihil
898 1813 996 1874 voluit
1020 1821 1111 1896 poeta
1134 1813 1193 1875 nisi
1213 1813 1332 1874 audito-

207 1945 277 1984 rum
299 1923 418 1984 animos
440 1922 592 1985 delectare
616 1923 702 1985 seriis
723 1946 794 1986 oum
816 1924 956 1987 ridiculis
976 1924 1150 1987 miscendis.
1171 1923 1217 1986 Cf.
1233 1925 1327 1988 Dind.

208 2037 246 2098 ad
272 2035 354 2097 Med.
382 2039 454 2097 299.

252 2149 372 2212 Similia
396 2150 544 2233 Sophocli
567 2149 764 2213 tribuuntur.
793 2150 865 2212 Aah.
893 2150 922 2212 X
943 2173 968 2212 c.
989 2152 1041 2226 43,
1060 2173 1090 2233 p.
1112 2151 1186 2211 433.
1202 2148 1251 2210 ur.
1268 2151 1330 2210 692

208 2261 261 2341 N.,
290 2263 352 2325 702
377 2263 416 2324 D.

428 2364 548 2440 διψῶντι
572 2362 629 2441 γοέρ
654 2386 695 2425 τοι
720 2362 821 2426 ποέντα
846 2363 1012 2443 προσφέρων
1036 2363 1118 2443 σοφοὶ

430 2477 479 2538 οὐκ
502 2473 538 2537 έιν
563 2474 649 2538 πλέον
673 2474 808 2554 τέρψειας
833 2475 876 2552 μὴ
901 2482 977 2538 πιεῖν
999 2475 1100 2546 διδούς.

250 2587 383 2651 Porson:
415 2586 431 2660 ἢ
463 2588 586 2664 ’ριπιεῖκ
619 2609 711 2670 quem
744 2589 842 2650 secuti
872 2595 947 2650 sunt
978 2588 1020 2650 N.
1052 2595 1083 2650 et
1113 2587 1152 2649 D.
1178 2587 1265 2667 Quid
1288 2588 1329 2649 sit

208 2701 320 2777 ἐμπιεῖν
351 2701 442 2763 docet
472 2703 525 2763 Ar.
557 2700 640 2763 Eccl.
673 2703 750 2762 142:
775 2700 824 2763 καῖ
849 2701 1041 2779 λοιδοροῦνταί
1061 2702 1091 2778 γ’
1117 2699 1209 2779 ὥσπερ
1234 2701 1328 2776 ἔμπε-

207 2814 344 2884 ποικέτες.
377 2813 500 2876 Dicitur
533 2814 570 2876 de
601 2813 638 2875 iis
661 2814 716 2896 qui
739 2836 800 2876 non
824 2814 914 2877 modo
939 2815 1022 2876 sitim
1046 2815 1172 2898 explent
1196 2812 1247 2876 sed
1273 2813 1329 2895 qui

205 2928 311 2991 vinum
336 2933 445 3011 potant
471 2934 505 2989 ut
527 2950 559 2989 se
582 2927 765 3005 exhilarent,
791 2927 860 2989 Pac.
888 2929 983 3004 1143,
1004 2927 1079 2990 Eur.
1102 2926 1186 3010 Cyel.
1209 2929 1272 2988 336
1294 2933 1326 2989 et

205 3063 283 3125 pass.
309 3041 342 3103 Si
365 3041 472 3123 igitur,
497 3039 581 3122 quod
605 3046 740 3103 testatur
761 3040 950 3117 Athenaeus,
968 3039 1137 3123 Sophocles
1156 3039 1246 3101 hosce
1259 3062 1323 3101 ver-

204 3176 256 3216 sus
285 3153 417 3236 scripsit,
448 3159 530 3215 certe
559 3153 592 3215 in
623 3151 760 3215 dramate
792 3153 923 3235 satyrico
948 3151 1081 3235 scripsit.
1105 3149 1223 3213 Verum
1247 3174 1324 3214 num

204 3265 378 3329 audiendus
408 3267 449 3329 sit
479 3265 662 3329 Athenaeus
693 3266 891 3328 vehementer
915 3263 1035 3328 dubito.
1060 3264 1160 3326 Tanta
1183 3264 1264 3326 enim
1288 3265 1326 3327 iis
1400 3328 1401 3333 .

205 3386 251 3443 est
282 3403 353 3444 cum
384 3381 452 3443 loco
476 3380 636 3464 Euripidis
660 3379 834 3443 similitudo
858 3385 895 3442 ut
918 3401 980 3442 non
1003 3379 1118 3463 possim
1142 3401 1204 3440 non
1227 3378 1325 3461 suspi-

204 3494 267 3557 cari
298 3515 411 3556 nomen
444 3492 603 3576 Sophoclis
635 3514 736 3555 errore
768 3497 877 3554 natum
908 3514 972 3554 esse
1000 3513 1038 3553 ex
1061 3490 1194 3553 alicuius
1219 3489 1327 3552 comici

204 3613 313 3692 poetae
341 3606 477 3682 nomine,
510 3606 565 3688 qui
599 3606 726 3689 parodia
757 3605 861 3668 locum
884 3604 1014 3667 Medeae
1038 3604 1231 3688 expresserit.
1256 3602 1327 3666 For·

204 3727 284 3782 tasse
307 3718 361 3780 ille
386 3718 479 3802 Soph.
504 3718 566 3780 fuit
586 3717 742 3802 Sophilus,
763 3740 856 3799 quem
877 3718 998 3802 saepius
1011 3718 1120 3780 citavit
1133 3717 1325 3779 Athenaeus,

248 3830 348 3893 Simili
371 3853 473 3893 errore
497 3830 599 3893 Schol.
624 3830 702 3892 Rau.
730 3832 791 3893 100
817 3831 1000 3903 Μελανίππη
1022 3830 1102 3910 σοφή
1123 3831 1327 3914 depravatum

203 3941 248 4005 est
278 3943 310 4006 in
341 3942 386 4005 M.
418 3942 611 4022 Σοφοκλέους.
634 3940 731 4005 Plura
754 3943 906 4006 eiusmodi
929 3944 1068 4028 exempla
1104 3944 1230 4028 collegit
1254 3944 1331 4007 Mei-

205 4056 284 4119 neke
308 4056 362 4118 HI
385 4079 415 4141 p.
442 4059 515 4119 584.

203 4230 256 4295 Vs.
285 4223 388 4292 1215.
420 4231 511 4328 c'prctr
529 4229 560 4294 δέ
583 4255 610 4294 σι
633 4231 747 4307 σνβίνιρ’
772 4231 830 4295 σσῖ·
853 4231 1030 4307 καπαβιννῖσι
1054 4229 1120 4310 νοέρ.

247 4344 296 4408 Of.
320 4343 359 4406 ad
381 4366 424 4407 vs.
449 4345 512 4406 455
537 4351 569 4407 et
592 4344 646 4407 Ar.
671 4345 707 4407 fr.
733 4347 807 4407 304.

668 4489 862 4497 ——
