3218 5370
708 1966 901 1974 -————-—-—-

250 2187 304 2251 Vs.
331 2180 351 2247 6
380 2237 386 2251 .
432 2181 475 2267 ἆρ’
499 2189 658 2253 ἐκδιδάσκω
682 2190 714 2253 τὸ
739 2190 846 2270 σαφὲς,
872 2189 887 2262 ἢ
912 2190 990 2273 ’πέρα
1013 2190 1134 2272 Φριίυως

295 2300 396 2364 schol.
423 2301 504 2383 ἐπέρα
526 2302 638 2382 Φρυίπυ.
665 2300 725 2366 ἔστι
749 2304 780 2366 δὲ
803 2304 835 2366 πδ
856 2304 1022 2382 ἡμισπίχιυν
1044 2302 1077 2378 ἐξ
1097 2306 1133 2368 ‘T
1135 2305 1267 2384 ψιπιίλνς
1281 2308 1366 2387 Εὐρι-

250 2414 346 2477 πίδου.
372 2413 422 2476 Fr.
450 2417 523 2478 763.
548 2415 643 2478 Recte
666 2415 754 2478 Kock
777 2439 804 2478 a.
829 2415 858 2478 h.
884 2417 905 2478 l.
930 2465 949 2493 „
959 2416 1038 2479 doeh
1061 2417 1102 2479 ist
1126 2417 1176 2481 die
1200 2417 1365 2482 Ueberein·

249 2527 451 2610 „stimmung
484 2550 545 2590 nur
579 2528 647 2591 eine
680 2528 776 2611 Fulge
808 2529 931 2612 eisriger
960 2527 1097 2592 Lectiire
1129 2529 1195 2592 und
1227 2553 1267 2593 an
1298 2531 1367 2593 eine

246 2641 492 2724 „verspottende
527 2641 658 2704 Parodie
687 2642 775 2705 nieht
804 2664 843 2704 zu
873 2641 1026 2704 denken.’'
1055 2641 1290 2706 Observandum
1321 2652 1369 2707 est

248 2753 431 2837 Dionysum,
462 2763 626 2839 postquam
657 2755 736 2817 dixit
763 2754 822 2818 sibi
846 2763 1008 2840 tantopere
1031 2755 1182 2840 placuisse
1206 2757 1366 2842 Euripidis

247 2867 487 2945 Andromedam,
520 2867 665 2951 pluribus
695 2868 743 2929 uti
773 2867 873 2930 verbis
905 2868 1057 2931 cothurno
1087 2891 1180 2950 quam
1206 2892 1293 2932 soeeo
1316 2893 1368 2954 ap·

246 2979 390 3055 tionibus,
419 2987 472 3043 ut:
501 2983 539 3041 59
564 2977 658 3060 ἵμερός
682 3004 721 3056 με
744 2981 979 3058 διαλυμαίνεται,
1006 2985 1046 3044 66
1072 3006 1112 3058 με
1135 2981 1293 3062 δαρδάπτει
1317 2984 1367 3046 πό-

248 3095 302 3165 dog,
337 3095 376 3154 72
408 3090 431 3155 oi
453 3130 497 3139 -
519 3092 613 3169 κακοί,
637 3095 678 3155 84
702 3094 825 3164 ποθεινὸς
848 3100 909 3165 πνῖς
932 3094 1029 3174 φίλοις
1054 3102 1086 3157 et
1111 3095 1160 3174 al„
1185 3118 1288 3177 neque
1312 3097 1367 3157 mi-

247 3227 317 3267 rum
340 3213 387 3268 est
412 3206 514 3267 virum
536 3206 740 3285 φιλευριπίδην
764 3206 808 3267 ita
831 3206 927 3288 loqui.

249 3426 301 3492 Vs.
328 3421 384 3491 7'2.
427 3428 450 3491 oi
473 3428 528 3504 μὲν
551 3431 607 3508 γαρ
632 3428 725 3492 οὐκέτ’
747 3428 827 3508 εἰσίν,
852 3429 875 3492 υἱ
898 3430 924 3492 δ’
948 3428 1026 3499 ὄντες
1050 3429 1142 3492 κακοί.

292 3540 395 3604 Schol.
421 3541 580 3620 Εὐριπίδου
603 3538 636 3614 ἐξ
659 3541 783 3613 ouius:

424 3654 462 3717 D.
488 3654 524 3717 σὺ
548 3654 573 3718 δ’
599 3651 646 3718 ὧδ’
670 3653 772 3732 ἔρημος
795 3652 968 3733 ξυμμάχων
992 3654 1176 3729 ιἰπίλλυσαις

425 3767 463 3830 O.
489 3768 512 3831 οἱ
535 3769 590 3845 μὲν
613 3767 669 3847 γαρ
695 3767 789 3831 οὐκέτ’
812 3767 892 3840 εἰσίν,
916 3769 940 3831 oi
961 3769 987 3831 δ’
1012 3767 1090 3836 ὄντες
1114 3767 1205 3831 κακοί.

290 3880 340 3945 Fr.
374 3885 447 3944 569.
479 3880 712 3963 Colloquuntur
742 3879 908 3943 Diomedes
937 3887 968 3941 et
999 3879 1134 3943 Oeneus,
1160 3879 1219 3942 His
1241 3879 1365 3942 videtur

246 3994 345 4057 verbis
377 4017 451 4056 usus
482 4017 547 4057 esse
571 3993 719 4056 Rhinton.
744 3993 852 4058 Cicero
876 3993 915 4055 ad
938 3993 1034 4056 Attio.
1059 3993 1077 4055 I
1101 3997 1140 4055 20
1167 3994 1309 4075 queritur
1333 4015 1364 4054 se

241 4109 347 4182 „datie
378 4108 455 4169 oium
486 4107 670 4187 optimatium
699 4115 765 4186 post
797 4107 898 4168 Catuli
922 4114 1037 4169 mortem
1061 4129 1112 4168 αα·
1133 4107 1280 4186 praesidio
1304 4107 1351 4167 ull

241 4242 323 4296 „uec
354 4221 493 4282 comitutu
525 4227 629 4282 tenere.
660 4220 749 4294 Num,
781 4226 815 4280 ut
839 4219 884 4280 eit
907 4220 1048 4295 Rhinton,
1074 4226 1108 4280 ut
1131 4219 1239 4299 υριίιιυι,
1264 4217 1287 4280 οἱ
1311 4218 1365 4294 μὲν

241 4379 262 4407 ‚,
273 4341 343 4411 παρ’
378 4331 458 4395 οὐδέν
481 4332 543 4408 εἱσι,
568 4337 629 4402 τοῖς
652 4331 677 4393 δ’
703 4330 782 4393 οὐδὲν
806 4329 921 4406 μέλει.”
945 4330 1101 4393 Fritsehe:
1126 4353 1192 4408 „ex
1215 4329 1276 4393 illis
1301 4351 1367 4398 ver·

240 4441 317 4520 „bis
338 4453 408 4525 post
436 4445 539 4508 Catuli
562 4451 679 4507 mortem
703 4444 875 4506 necessario
899 4443 1032 4507 efficitur
1055 4443 1212 4527 scripsisse
1235 4442 1366 4506 Rhinto
