3218 5370
278 640 340 698 166
754 657 869 700 nasae.

252 824 289 894 ὡς
312 821 405 900 dcclv
429 823 441 884 ὁ
465 824 591 899 κωμικὸς
611 822 674 901 περὶ
695 830 748 895 τῆς
768 821 938 901 Ὑψιπύλης
958 822 1052 899 λέγων
1071 830 1124 896 τῆς
1144 823 1368 904 κρστσιλισσέσνς.

253 934 313 998 Sed
350 941 421 997 utut
457 942 512 1013 est,
544 933 702 1019 probanda
734 942 781 998 est
811 934 956 997 Fritschii
988 936 1164 999 coniectura
1193 959 1281 1000 usam
1305 961 1371 1001 esse

253 1048 441 1131 crepitaculo
464 1045 656 1132 Hypsipylen
681 1047 834 1131 Opheltae
859 1049 948 1131 pueri
969 1071 1070 1111 causa.
1094 1049 1265 1112 Historiam
1285 1048 1370 1134 Hyp
1473 1112 1479 1121 ,

252 1162 377 1245 sipylae,
402 1162 503 1246 ipsum
528 1162 654 1224 fortasse
678 1161 855 1245 tragoediae
878 1168 1098 1245 argumentum
1124 1162 1255 1226 tradidit
1275 1163 1371 1248 Hygi·

252 1298 311 1339 nus
341 1275 400 1339 fab.
437 1277 487 1341 74.
518 1277 661 1357 „Septem
691 1281 832 1354 (laederes,
861 1279 910 1359 pai
939 1279 1047 1340 Thebae
1069 1286 1264 1359 oppupnetum
1288 1280 1371 1341 ibant

253 1394 457 1467 „devenerunt
481 1391 512 1451 ιἰι
536 1391 682 1466 Nemeam,
706 1389 756 1451 adi
780 1390 943 1472 Ilppeipyle
971 1390 1111 1452 Placentia
1128 1391 1202 1472 filia
1226 1391 1258 1452 ia
1281 1392 1370 1453 aerci-

253 1511 347 1579 „late
370 1525 496 1583 pueram
520 1505 722 1565 Aredemeeam
745 1503 806 1565 eice
833 1505 973 1583 Ophelten
997 1504 1070 1584 Lyci
1093 1504 1168 1584 repis
1184 1504 1289 1586 filiam
1313 1527 1368 1565 ιιιι·

253 1664 273 1693 ‚,
284 1616 400 1692 delebat,
425 1617 473 1678 eui
495 1637 661 1696 responsam
683 1621 758 1693 erat,
782 1637 817 1677 ne
840 1615 872 1677 ιἰι
896 1622 976 1677 terea
997 1637 1120 1695 puerum
1143 1618 1294 1696 deponeret
1317 1639 1370 1678 aa·

253 1736 398 1810 „tequam
418 1735 514 1808 peccet
536 1729 686 1790 ambulare
708 1727 782 1790 eet.’'

297 1840 436 1903 Eandem
471 1841 660 1924 tragoediam
696 1842 799 1924 tangit
829 1842 883 1903 Ar.
916 1840 994 1904 Ran.
1028 1842 1129 1903 1322:
1161 1841 1318 1921 περίβαλλ’
1350 1837 1371 1904 ὦ

253 1952 350 2016 τέιινσν
374 1953 492 2025 ὠλέναις,
517 1954 601 2035 quod
624 1953 762 2015 ciusdem
785 1953 967 2036 Hipsipylae
986 1952 1047 2015 fuit
1064 1975 1196 2036 puerum
1214 1954 1372 2036 alloquen-

253 2066 303 2127 tis.
335 2064 409 2127 Iure
438 2066 535 2148 igitur
557 2065 731 2148 suspicatur
755 2064 893 2128 Fritschc
917 2088 1015 2143 „eam
1039 2066 1266 2146 crotalistriam,
1291 2088 1371 2149 quae

254 2177 334 2254 „hic
364 2177 396 2239 in
427 2177 522 2239 Ranis
545 2200 616 2240 cum
640 2177 828 2261 crepitaculo
851 2177 989 2261 prodeat,
1012 2177 1149 2262 prodisse
1173 2177 1279 2242 habitu
1306 2201 1372 2263 per·

254 2312 419 2372 „sonaquc
450 2290 637 2374 Euripidcae
669 2288 890 2374 Hypsipylae.''
919 2292 1005 2353 Haec
1036 2297 1140 2353 autern
1172 2291 1197 2354 si
1229 2297 1372 2355 tenemus

255 2403 416 2489 apparebit
439 2404 523 2467 unde
547 2405 642 2466 sumti
666 2405 729 2467 sint
753 2412 917 2486 sequentes
940 2427 1054 2467 versus.

254 2629 309 2693 Vs.
336 2621 440 2691 1309.
478 2628 624 2699 ἀλκυόνες,
650 2625 680 2690 ed
699 2625 767 2706 περ’
789 2625 902 2698 devolare
927 2624 1080 2693 θιιλιὶσσιιε1

475 2739 586 2816 κύμιισι
610 2738 811 2816 στωμύλλετε,

476 2852 635 2930 τέγγουσαι
656 2852 753 2923 νστίσις
777 2856 885 2931 πτερῶν

473 2966 563 3044 ῥσινίσι
584 2965 661 3043 χιόνι
684 2962 886 3042 δρισιζόμενιιι.

301 3078 402 3142 Schol.
427 3077 465 3139 V.
490 3075 551 3140 ἔστι
571 3075 601 3140 δὲ
620 3076 652 3139 τὸ
672 3077 889 3156 τριεγκείμενσν
909 3072 1134 3155 ε’ξ·’1φιγενει’σις
1146 3083 1199 3149 τῆς
1211 3078 1240 3140 ἐν
1253 3077 1367 3139 Αὐλίδι.

255 3190 357 3254 Schol.
386 3190 423 3253 R.
447 3187 480 3264 ἐξ
502 3188 676 3290 Ἰφιγενείας
700 3190 765 3268 Erip.
793 3210 872 3270 quae
895 3210 995 3250 errore
1018 3189 1057 3250 ad
1082 3211 1124 3251 vs.
1152 3189 1236 3251 1315
1262 3189 1371 3272 migra-

255 3312 376 3369 verunt.
408 3306 490 3370 Cum
521 3311 626 3367 autem
657 3304 689 3366 in
720 3302 790 3386 Iph.
818 3302 891 3365 Aul.
916 3301 991 3365 haec
1013 3324 1076 3364 non
1099 3302 1254 3384 legantur,
1278 3303 1371 3364 variis

254 3420 353 3482 modis
377 3419 529 3482 medelam
551 3417 658 3480 afferre
683 3416 786 3479 conati
810 3423 883 3477 suut
906 3414 1100 3497 interpretes.
1126 3412 1220 3476 Dind.
1245 3415 1277 3476 in
1297 3436 1369 3476 ann.

254 3535 293 3597 ad
317 3533 431 3608 Schol,
452 3532 503 3595 oui
522 3531 691 3593 assentitur
713 3528 805 3605 Weil,
827 3527 901 3612 Sept
915 3525 1069 3610 tragedias
1081 3526 1110 3588 d’
1124 3526 1210 3606 Eur,
1223 3575 1243 3603 „
1254 3526 1369 3598 Αὐλίδι,

254 3647 378 3722 „immo
401 3644 534 3724 Τσιύρσις,
555 3645 678 3706 videtur
702 3643 784 3705 enirn
807 3641 956 3727 respicere
979 3665 1021 3703 vs.
1050 3642 1132 3703 1089
1154 3639 1232 3720 ὅρνις,
1254 3637 1370 3712 deraret

252 3808 272 3836 „
283 3759 416 3838 τετρίνιις
440 3756 543 3820 πόντον
561 3755 702 3836 δειράδες,
723 3757 847 3826 σίλιινὼν,
869 3753 873 3842 l
894 3751 994 3832 ἔλεγον
1006 3755 1110 3833 οἰκτρὸν
1122 3753 1261 3825 σὶείδεις.”
1276 3752 1370 3832 Quod

254 3879 358 3934 tamen
389 3871 508 3934 nemini
534 3868 732 3954 persuadebit
762 3868 818 3951 qui
848 3868 1019 3931 consideret
1041 3867 1117 3949 quid
1140 3867 1264 3930 intersit
1285 3865 1368 3929 inter

253 3984 328 4047 haec
350 3982 442 4046 verba
466 3989 497 4045 et
519 3983 733 4066 Aristophanis
757 4003 890 4044 carmen.
912 3979 1141 4063 Erigidissimus
1160 3985 1247 4042 totus
1260 3978 1369 4041 fuisset

253 4097 338 4160 iocus
370 4097 426 4159 nisi
457 4097 523 4180 ipsa
545 4095 706 4179 Euripidis
729 4094 822 4158 verba
845 4095 969 4157 citasset
992 4095 1074 4156 sicut
1097 4097 1188 4155 autea
1212 4091 1368 4175 Aeschyli,

254 4210 343 4274 ouius
376 4210 431 4284 rei,
467 4229 655 4290 quamquam
690 4208 740 4270 vix
770 4229 848 4290 opus
879 4212 935 4284 est,
968 4212 1151 4289 argumento
1183 4205 1223 4267 sit
1246 4225 1368 4266 versum
1426 4232 1432 4241 ·

256 4323 350 4398 1317,
382 4345 398 4384 e
427 4321 566 4383 dramate
590 4321 757 4404 superstite
773 4319 897 4382 Electra
919 4320 1061 4403 petitum,
1086 4319 1125 4381 ad
1149 4317 1269 4380 literam
1298 4338 1369 4379 curn

239 4434 411 4518 Euripidis
435 4439 584 4496 contextu
607 4433 778 4496 convenire.
