3218 5370
702 576 844 635 scurrae.
1270 562 1310 622 29

215 745 355 809 hostibus
384 766 488 828 presso
519 765 611 825 quam
643 765 729 806 servo
753 742 885 825 fugitivo
909 742 1013 826 aptius
1036 750 1067 805 et
1091 742 1149 805 hoc
1172 743 1239 806 loco
1262 743 1334 805 ridi·
1399 731 1401 737 ί

217 857 324 920 culum
358 864 414 920 est.
451 854 522 918 Sine
553 853 648 917 dubio
679 847 730 918 hic
754 876 877 937 quoque
901 855 1124 939 Aristophanes
1148 855 1188 918 rot
1211 856 1335 932 μενοίλα

217 968 301 1041 πύθη
326 967 479 1046 ύποποιίζει
502 975 555 1040 τῆς
578 966 750 1046 τραγῳδίας.
776 966 864 1030 Idem
889 968 970 1030 enim
992 990 1107 1045 servus,
1126 969 1180 1050 qui
1199 968 1336 1030 iamver-

217 1104 285 1144 sum
309 1104 346 1144 ex
369 1080 542 1165 Hippolyto
565 1081 759 1156 recitaverat,
782 1080 888 1163 paullo
911 1087 982 1164 post
1007 1069 1158 1142 exclamat
1183 1103 1224 1143 vs.
1251 1083 1311 1143 80:
1384 1080 1397 1103 ‘

439 1191 589 1272 κρύτιστον
614 1186 659 1255 οὖν
684 1193 736 1271 νῶν
759 1190 928 1268 οίποθανεῖν,
953 1198 984 1255 et
1007 1215 1050 1256 vs.
1077 1197 1135 1255 84:

439 1305 594 1381 βέλτιστον
618 1307 691 1381 ἡμῖν
715 1299 793 1381 αἷμα
814 1305 944 1384 ταύρειον.
964 1312 1044 1368 πιεῖν.

219 1418 302 1500 quod
323 1419 450 1480 minime
470 1417 585 1501 trepidi
605 1424 700 1479 estet
719 1417 824 1499 ignavi
844 1417 922 1479 servi
942 1417 994 1479 sed
1014 1417 1102 1480 fortis
1119 1418 1178 1480 viri
1191 1418 1245 1500 qui
1258 1417 1336 1480 mori

219 1553 281 1593 non
303 1529 482 1593 reformidet
505 1529 617 1610 cuique
640 1551 822 1613 persuasum
847 1530 887 1591 sit
906 1536 942 1592 ut
962 1529 1205 1605 Andromachae,
1227 1527 1336 1591 Troad.

221 1645 295 1720 632,
325 1648 375 1706 τοῦ
399 1641 452 1721 ζῶν
475 1642 506 1705 δὲ
529 1646 643 1720 λυπρῶς
666 1642 794 1720 κρεῖσσόν
816 1643 877 1704 ε’στι
901 1640 1073 1707 κατθανεῖν,
1099 1642 1230 1705 Accedit
1255 1643 1338 1723 quod

219 1779 262 1819 vs
295 1758 337 1818 84
367 1762 446 1817 teste
478 1753 649 1817 Scholiasta
682 1778 697 1815 e
728 1752 888 1838 Sophoclis
920 1753 1038 1817 Helena
1062 1756 1180 1837 petitus
1203 1761 1259 1831 est,
1284 1752 1339 1816 ubi

220 1869 357 1952 legitur:

419 1979 484 2057 ἐμοί
508 1981 538 2043 δὲ
562 1979 672 2059 λῷστον
696 1974 775 2056 αἷμα
798 1979 925 2058 ταύρειον
949 1986 1024 2042 πιεῖν

421 2091 471 2156 καί
496 2092 537 2169 μη’
563 2117 599 2169 γε
621 2092 709 2155 πλείω
733 2092 815 2155 τῶνδ’
836 2090 915 2170 ἔχειν
940 2091 1123 2172 δυσφημίας.

266 2205 361 2268 Dino.
387 2204 429 2281 μη’
454 2229 481 2266 τι
505 2205 620 2276 πλείους
643 2205 693 2267 vel
718 2207 790 2281 μύτι
814 2204 902 2267 πλείω
921 2242 966 2252 -
983 2205 1156 2284 δυσφημίαν
1175 2204 1206 2266 in
1221 2206 1340 2267 Annot.

221 2317 260 2380 ad
293 2317 392 2381 Schol.
422 2339 449 2378 a.
474 2316 503 2378 h.
530 2317 550 2378 l.
575 2322 607 2378 et
629 2318 665 2379 fr.
692 2318 764 2379 185.
788 2315 953 2393 „Videtur
976 2317 1015 2378 ad
1040 2315 1160 2388 Ἑλένης
1182 2316 1342 2387 ἀπαίτησιν

223 2429 419 2493 referendum
444 2427 542 2492 esse.'’
565 2427 688 2491 Nauck.
713 2429 750 2491 fr.
777 2431 850 2491 660.

265 2541 385 2606 Locum
409 2542 463 2604 Ar.
486 2540 596 2603 laudat
619 2541 799 2603 Athenaeus
823 2539 876 2603 ΠΙ
900 2563 925 2602 e.
952 2543 1003 2602 94.
1028 2539 1077 2602 lbi
1101 2537 1259 2622 Cynulcus
1289 2538 1341 2601 Ul·

222 2655 324 2738 piano,
362 2655 417 2735 qni
451 2651 489 2715 ob
524 2652 739 2716 soloecismum
770 2675 841 2716 eum
872 2651 1121 2736 reprehenderat,
1154 2652 1336 2735 respondet:

224 2766 339 2843 βέλτιον
364 2765 389 2829 δ’
415 2761 447 2838 ἦν
472 2788 520 2841 μοι

701 2872 778 2954 αἷμα
803 2877 927 2956 ταύρειον
951 2884 1033 2940 πιεῖν·

436 2992 449 3054 ὁ
473 2989 705 3067 Θεμιστοκλέους
728 2989 784 3069 γαρ
807 2988 939 3061 δύνοντος
962 2990 1141 3070 αἱρετώτερος

270 3101 290 3174 ἢ·
321 3103 359 3174 εἷς
393 3101 425 3165 σὲ
452 3104 598 3180 ἐμπεσεῖν.
630 3101 671 3164 Η.
702 3103 723 3167 l.
756 3102 981 3185 comparativus
1012 3100 1090 3164 bene
1119 3100 1276 3164 sehabet.
1302 3099 1341 3164 In

226 3214 434 3297 Aristophane
463 3221 568 3278 tamen
597 3215 723 3291 rectius
755 3215 873 3297 opinor,
906 3237 933 3276 v.
967 3216 1070 3276 Herw.
1103 3220 1134 3276 et
1164 3212 1304 3276 Ribbeck
1331 3235 1348 3276 e

228 3325 341 3388 Suidae
361 3325 426 3389 cod.
449 3324 617 3388 Oxoniensi
641 3350 665 3389 s.
690 3348 718 3388 v.
744 3327 811 3405 νῷνι
836 3326 1026 3406 αἱρετώτατος
1049 3327 1265 3388 restituerunt.

230 3559 282 3622 Vs.
310 3553 377 3623 147
401 3581 466 3642 sqq.
498 3558 609 3623 Servus
632 3559 658 3622 B
684 3557 929 3642 (Demosthenes)
955 3582 1008 3643 spe
1032 3560 1133 3623 clatus
1156 3560 1220 3622 fore
1244 3566 1281 3622 ut
1304 3552 1366 3624 al?

137 3732 140 3736 .
227 3672 386 3756 lantopola
417 3670 541 3735 Cleonis
571 3672 788 3736 auctoritatem
812 3679 939 3749 evertat,
964 3671 1132 3756 grandibus
1156 3695 1226 3736 eum
1250 3672 1346 3736 nomi-

210 3776 321 3848 nibus
344 3784 499 3868 appellat:
594 3790 597 3797 '

583 3896 676 3976 σωτηρ
699 3905 736 3971 τῶ
756 3897 837 3962 πόλει
858 3898 910 3960 καί
936 3899 987 3977 νῶν
1010 3897 1114 3978 φανείς

473 4016 504 4072 et
526 4030 597 4070 mor
623 4010 704 4072 157:
817 4006 838 4072 ῶ
861 4009 992 4090 μακάρι’,
1018 4005 1188 4083 danudon,

475 4115 495 4182 ῶ
519 4123 566 4183 νῶν
589 4120 644 4196 μὲν
667 4119 769 4199 οὐδεὶς,
793 4119 884 4200 αύριον
907 4122 932 4185 δ’
954 4121 1133 4202 ὑπέρμεγας·

476 4227 497 4294 ῶ
519 4236 575 4294 τῶν
597 4230 732 4306 Ἀθηνῶν
755 4233 910 4310 παγετῶν
933 4234 1118 4311 εὐδαιμόνων.

277 4341 423 4407 Ostendit
452 4344 481 4407 ei
504 4365 653 4428 magnum
675 4345 916 4408 Atheniensium
939 4346 1106 4430 imperium
1129 4346 1347 4431 subiectasque
