3218 5370
751 605 868 648 aaran.
1282 591 1343 653 157

247 770 366 851 πατρίς.
399 770 446 833 De
470 770 585 853 quibus
609 778 691 834 recte
718 769 811 834 Geel:
835 821 855 849 „
864 773 989 835 acutius
1013 773 1090 836 lusit
1114 774 1250 838 comicus
1272 797 1365 858 quam

245 883 422 962 „nonnulli
452 891 686 968 perspexerunt.
717 884 826 964 Quum
857 886 940 948 enirn
969 886 1106 970 primum
1131 910 1252 951 versum
1277 890 1366 953 Anti-

245 1019 372 1081 „gonae
406 1018 480 1059 suae
514 997 677 1061 recitasset
712 997 889 1082 Euripides
926 1000 1059 1083 arripuit
1089 1003 1144 1064 Ar.
1176 1003 1363 1067 occasionem

243 1110 397 1187 „ridendi
420 1109 476 1173 hos
499 1109 735 1174 Phoenissarum
763 1135 878 1189 versus,
899 1113 1083 1196 perstrinxit
1102 1114 1279 1198 ambiguam
1301 1139 1368 1181 sen·

244 1223 404 1301 „tentiam
429 1246 509 1306 quae
531 1223 665 1286 ridicula
688 1224 751 1302 fiet,
773 1225 799 1288 si
818 1225 1048 1309 interpreteris:
1069 1227 1255 1311 praedixisse
1272 1229 1367 1312 Apol-

243 1337 369 1413 „linem
393 1335 551 1421 Oedipum
574 1339 715 1401 nondum
739 1346 847 1401 natum
872 1339 968 1423 patris
991 1340 1222 1404 interfectorem
1246 1341 1343 1405 fore.''

244 1618 297 1683 Vs·
325 1611 429 1681 1206.
465 1616 627 1696 Αἴγυπτος,
652 1621 688 1690 ὡς
711 1619 724 1682 ὅ
747 1627 887 1692 τλεῖττος
912 1618 1056 1702 ἔοταρται
1080 1623 1177 1700 λόγος,

465 1728 516 1805 ξὺν
540 1729 625 1795 παισὶ
649 1731 832 1805 πεντήκοντα
856 1733 979 1814 ναυτίλῳ
1003 1733 1105 1815 aratra

465 1841 576 1924 ’Ἄργος
600 1845 774 1923 κατασχών.

287 2007 390 2071 Schol.
414 2007 583 2088 Ἀρχελοίου
604 2005 678 2081 αὕτη
703 2007 783 2072 ἐστὶν
807 2009 823 2081 a‘
848 2009 940 2090 ἀρχὴ,
965 2008 1002 2083 ὥς
1021 2034 1096 2083 τινες
1117 2013 1239 2091 ψευδῶς.
1262 2014 1363 2091 calgala

243 2120 363 2202 φέρεται
393 2124 440 2184 νῦν
472 2120 627 2201 Εὐριπίδου
651 2121 737 2198 λόγος
761 2120 852 2193 οὐδεὶς
876 2118 1010 2194 τοιοῦτος’.
1037 2125 1068 2186 οὐ
1092 2123 1148 2204 γοίρ
1173 2126 1244 2198 ἐστι,
1271 2125 1365 2205 φασὶν

243 2234 449 2316 Ἀρίσταρχος,
480 2239 531 2298 τοῦ
558 2232 733 2314 Ἀρχελοίου,
758 2235 781 2297 εί
805 2235 848 2311 μὴ
871 2236 959 2306 αὐτὸς
984 2235 1140 2312 μετέθηκεν
1163 2234 1286 2318 ὕστερον.
1312 2239 1366 2302 Al-

243 2354 291 2412 ter
313 2353 399 2411 cxtat
422 2347 580 2432 prologus,
605 2347 642 2409 fr.
669 2348 744 2423 230,

465 2461 582 2530 Δαναὸς
605 2459 618 2522 ὁ
643 2461 823 2532 πεντήκοντα
848 2459 1008 2539 ίυνατὲριιν
1031 2460 1129 2542 τατιίρ
1152 2462 1212 2525 κτὲ.

286 2572 389 2658 Bergk
423 2580 527 2636 censet
560 2570 743 2657 Euripidem
776 2572 837 2635 iam
874 2580 1042 2656 antequam
1082 2574 1116 2637 in
1149 2574 1364 2639 Macedoniarn

241 2687 397 2771 migraret,
423 2686 529 2749 drama
551 2685 743 2749 Archelaum
763 2685 897 2750 Athenis
918 2709 1026 2750 scenae
1047 2688 1243 2769 commisisse,
1257 2697 1364 2774 postea

240 2823 311 2864 vero
355 2800 388 2864 in
428 2799 577 2863 honorem
613 2799 760 2863 Archelai
791 2798 991 2863 Macedoniae
1018 2800 1109 2884 regis,
1141 2803 1196 2884 qui
1225 2802 1363 2887 hospitio

241 2936 313 2976 eum
337 2920 507 2998 acceperat,
532 2911 698 2996 prologum
721 2912 912 2976 immutasse.
939 2913 1028 2993 Quae
1052 2921 1157 2977 tamen
1181 2915 1284 2999 opinio
1308 2916 1364 2980 du·

241 3026 308 3090 bito
330 3049 407 3090 num
429 3049 500 3088 vera
524 3029 575 3088 sit.
601 3024 687 3105 Quid
711 3026 793 3088 enim
816 3027 896 3110 regis
913 3026 1062 3090 intererat
1081 3027 1114 3091 in
1136 3028 1228 3091 initio
1240 3030 1360 3113 prologi

247 3141 344 3204 Danai
366 3140 555 3204 mentionem
579 3139 645 3201 fieri
667 3161 730 3201 non
754 3138 912 3223 Aegypti?
931 3139 1048 3202 Eodem
1070 3140 1161 3223 plane
1182 3142 1263 3204 redit
1281 3149 1366 3205 uter·

242 3277 303 3338 que
327 3254 491 3339 prologus3
515 3251 689 3316 Archelaus
713 3252 807 3329 enirn,
828 3275 923 3336 nepos
942 3251 1217 3336 Herculiagenus
1230 3255 1366 3319 ducebat

242 3389 260 3429 a
290 3367 354 3430 filio
385 3366 521 3450 Aegypti
551 3370 583 3428 et
613 3365 676 3428 filia
707 3364 818 3427 Danai.
844 3364 1008 3428 Praeterea
1030 3365 1092 3428 iam
1117 3367 1247 3450 scriptor
1271 3368 1365 3431 Vitae

241 3479 401 3564 Euripidis
424 3478 555 3542 tradidit
577 3477 759 3562 Euripidem
784 3476 890 3540 drama
909 3478 1099 3541 Archelaum
1119 3480 1273 3564 scripsisse
1293 3503 1364 3544 curn

240 3593 346 3657 Pellae
369 3594 404 3656 in
427 3591 610 3655 Macedonia
633 3591 770 3675 degeret.

283 3704 446 3769 Probanda
474 3704 551 3767 mihi
573 3703 696 3767 videtur
720 3703 899 3767 coniectura
923 3703 1081 3781 Fritschii,
1103 3704 1267 3788 prologum
1292 3712 1363 3789 post

239 3827 349 3906 poetae
378 3824 508 3882 mortem
532 3817 570 3880 ab
594 3817 746 3901 Euripide
770 3817 899 3896 minore,
924 3817 987 3880 sive
1012 3817 1076 3880 filio
1099 3817 1213 3900 magni,
1238 3819 1301 3881 sive
1324 3841 1362 3881 ex

239 3933 335 3996 fratre
356 3939 479 4016 nepote,
505 3938 662 3994 mutatum
688 3953 752 3994 esse
776 3936 900 4015 propter
924 3929 1070 3994 acerbum
1093 3932 1309 4017 Aristophanis
1328 3933 1361 3996 in

239 4045 335 4109 Eanis
358 4045 473 4108 lusum.
497 4094 517 4121 „
528 4043 737 4106 Vehementer
760 4044 843 4105 enim
868 4041 974 4106 Ranae
993 4044 1181 4128 placuerunt
1199 4047 1361 4110 necsemel

239 4158 322 4236 „sed
352 4155 399 4221 bis
429 4158 519 4220 datae
542 4162 617 4219 sunt
640 4163 677 4220 ut
701 4162 889 4240 spectatores
912 4156 1007 4220 huius
1031 4164 1095 4220 tam
1118 4158 1230 4240 longae
1253 4181 1361 4222 scenae

239 4270 356 4348 „facile
379 4271 626 4334 recordarentur.
651 4267 738 4348 Quid
762 4275 866 4332 autern
889 4269 1034 4332 futurum
1058 4274 1133 4349 erat,
1157 4271 1183 4333 si
1207 4271 1276 4353 quis
1300 4276 1360 4332 tra·

237 4383 395 4466 „goediae
429 4388 586 4465 spectator
623 4380 776 4443 comicum
806 4380 887 4443 illud
917 4379 1046 4454 ληκύθιον
1077 4381 1228 4445 οίτιίλεοεν
1252 4403 1363 4466 magna
