3218 5370
644 618 648 624 ⁵
746 627 819 668 Pax.

222 797 275 862 Vs.
302 793 371 862 140
394 823 460 883 sqq.
484 801 515 865 τό
536 803 561 865 δ’
586 800 619 875 ήν
643 804 674 874 ἐς
697 802 779 883 ὑγρὸν
802 802 914 888 πόντιον
936 801 1011 882 τέσή
1036 801 1144 878 uttan

267 910 367 976 Schol.
390 913 457 985 τοὺς
480 915 633 991 τραγικοὺς
657 913 754 994 παίζει
779 914 826 978 aa
845 914 885 978 τόν
904 913 967 995 περὶ
986 913 1169 996 τοῦἿκοόρον
1180 914 1339 992 λεγόμενα.

222 1022 238 1098 ή
270 1024 334 1088 ἐπεὶ
366 1027 444 1091 δοκεῖ
471 1027 484 1090 ό
515 1027 746 1108 Βελλεροφόντης
770 1028 829 1091 ατέ.
854 1028 902 1090 De
924 1027 1013 1107 Icaro
1036 1027 1093 1091 hoc
1115 1028 1184 1091 loeo
1206 1050 1271 1090 non
1294 1032 1341 1090 est

223 1137 432 1221 cogitandum.
459 1139 574 1202 Utrum
595 1138 807 1203 Stheneboeae
824 1159 863 1203 an
883 1138 1120 1225 Bellerophonti
1138 1138 1343 1203 tribuendum

223 1248 350 1313 sitnon
374 1250 484 1333 liquet.
510 1251 623 1314 Nauck
646 1252 683 1315 fr.
710 1253 813 1335 adesp.
838 1256 890 1315 41.

268 1360 336 1425 Vss.
370 1364 431 1425 147
461 1371 492 1427 et
519 1367 580 1427 148
604 1371 728 1449 poetam
752 1366 858 1429 drama
881 1364 1151 1451 Bellerophontem
1176 1365 1344 1450 respexisse

224 1495 315 1537 nemo
338 1497 401 1538 non
423 1476 518 1540 videt.

223 1695 278 1760 Vs.
305 1689 384 1759 154.
508 1699 579 1761 αλλ’
603 1698 670 1778 ἄγε,
695 1701 829 1776 Πήγασε,
853 1700 940 1780 χώρει
963 1700 1081 1780 χαίρων,

510 1810 733 1889 χρυσοχαλίνων
756 1810 894 1889 τότοιγον
917 1808 1033 1891 ψαλίων

468 2003 471 2009 ¹
512 1923 680 1996 διακινήσας
702 1924 835 2004 φαιδροῖς
861 1924 934 1988 ὠσίν.

256 2022 370 2098 Schol.
402 2035 453 2099 καὶ
481 2035 554 2099 τόδε
576 2037 608 2100 ἐκ
632 2042 682 2100 τοῦ
706 2039 934 2118 Βελλεροφόντου
956 2037 1018 2110 „lu
1042 2038 1236 2119 χροσοχοόλιή
1260 2037 1343 2119 αἴρων

225 2145 393 2226 arripare?
416 2146 454 2210 fr.
480 2149 553 2211 309.
577 2146 623 2210 Of.
649 2148 742 2232 Vesp.
769 2150 842 2214 757.

226 2369 277 2432 Vs.
304 2362 384 2431 336.
511 2370 540 2457 ἰόν
564 2369 671 2450 βροτοὶ,
695 2370 802 2450 βροτοὶ,
828 2371 924 2452 βροτοὶ
948 2375 1176 2451 πολυτλήμονες.

268 2482 366 2566 Epicu
389 2504 473 2544 more
496 2483 637 2564 loquitur
660 2482 811 2546 Polemos.
898 2485 902 2491 ’

225 2706 277 2769 Vs.
303 2698 384 2766 356.
510 2702 561 2779 ξὺν
584 2705 653 2785 δόρει
677 2702 727 2779 ξὺν
750 2706 866 2769 ήστόδι.
892 2705 938 2768 Of.
963 2704 1055 2789 Vesp.
1079 2708 1173 2768 1081.

223 2928 277 2994 Vs.
303 2921 373 2990 380
398 2949 463 3011 sqq.v
687 2929 741 2991 ὑτὸ
764 2932 815 2991 τοῦ
840 2929 907 2999 Διὸς
930 2928 1212 3006 οόμαλδννόήσομαι,

511 3040 534 3102 εἷ
557 3038 600 3117 μή
624 3041 763 3119 τετορήσω
786 3043 885 3102 ταῦτα
907 3039 963 3105 καὶΔ
983 3033 1162 3117 λακήσομαι.

93 3204 96 3207 .
209 3239 212 3243 .
268 3153 306 3216 In
326 3153 524 3237 parodiarum
544 3173 709 3214 numerum
721 3151 837 3234 recepit
848 3149 939 3214 Ribb.
953 3151 1030 3214 Ach.
1045 3151 1129 3215 Anh.
1142 3174 1172 3236 p.
1187 3154 1261 3228 321,
1273 3157 1344 3236 post

224 3263 429 3344 Taeuberum,
465 3269 575 3347 utpote
609 3269 671 3347 „et
705 3263 843 3325 numeris
874 3268 905 3326 et
922 3263 1072 3326 ‘oratione
1100 3264 1249 3346 tragica'',
1280 3286 1343 3326 nou

224 3379 471 3442 animadvertens
495 3382 696 3461 anapaestum
720 3376 751 3438 in
775 3375 911 3438 secunda
934 3375 1014 3438 sede.
1041 3375 1101 3438 sed
1123 3399 1195 3439 vera
1217 3375 1344 3460 parodia

143 3506 146 3510 ’
224 3492 299 3555 huie
322 3491 391 3554 loeo
413 3512 475 3553 non
498 3489 588 3552 inest.
614 3489 800 3565 Mercurius,
827 3489 942 3573 quippe
966 3488 1061 3566 Dens,
1086 3488 1257 3572 grandibus
1277 3481 1353 3574 par·¹

158 3596 170 3631 ³
224 3605 282 3668 tim
311 3627 348 3667 ex
377 3603 512 3667 Homero
542 3602 650 3686 petitis
679 3602 783 3664 utitur
808 3601 909 3664 verbis
932 3602 1014 3665 sicut
1038 3625 1079 3665 vs.
1105 3602 1179 3665 376.
1204 3600 1343 3665 Verbum

223 3717 363 3797 τετορήσω
395 3717 453 3778 hoe
484 3715 661 3798 significatu
693 3736 795 3797 neque
826 3714 909 3798 apud
938 3713 1110 3778 Homerum
1133 3736 1235 3798 neque
1259 3714 1343 3799 apud

226 3829 360 3912 tragicos
382 3827 553 3915 invenitur.

268 3941 418 4006 Imitatur
442 3940 598 4024 Trygaeus
621 3935 770 4003 Mercurii
793 3963 964 4004 sermonem
987 3965 1030 4004 vs.
1059 3942 1122 4003 382
1148 3942 1190 4017 μή
1215 3964 1263 4003 νον
1286 3954 1342 4004 λα-

224 4055 325 4135 κήσιρς,
361 4054 505 4132 λίσσομαί
532 4055 570 4126 σ’,
603 4054 667 4116 334
697 4054 861 4126 λακήσεται
884 4059 916 4116 et
942 4056 1005 4116 400
1032 4051 1148 4126 ἕλε’ήσον
1170 4053 1268 4116 αὐτῶν
1290 4051 1343 4123 τήν

223 4166 291 4230 ότα.
317 4166 354 4230 of.
380 4165 458 4228 th.
483 4167 557 4229 410.
583 4164 663 4228 Cum
685 4188 728 4228 vs.
756 4168 837 4227 386:

267 4278 340 4342 εἴτι
363 4277 574 4357 κεχαρισμένον
597 4278 732 4358 χοιρίδιον
757 4273 837 4341 οόσόα
860 4278 929 4358 παρ’
952 4277 1024 4354 ἐμοῦ
1050 4303 1087 4354 γε
1109 4276 1316 4350 κατεδηδοκώς.

269 4389 315 4453 cf.
340 4389 434 4452 Hom.
458 4389 498 4452 Il.
522 4389 539 4452 l
564 4391 615 4452 39.
