3218 5370
714 662 948 706 Aeflaun'ussns

468 823 488 890 ὦ
511 834 599 890 πᾶσιν
622 825 782 907 ἀνθρώποις
805 827 909 906 <havela
931 828 1019 890 κοινὸν
1043 827 1201 906 ὠφέλημα.

317 964 562 1028 Achameusium
584 964 652 1027 loco
672 963 835 1027 verborum
856 965 981 1046 quidem
995 963 1082 1026 nulla
1094 970 1140 1026 est
1152 963 1324 1027 similitudo
1335 963 1389 1026 sed

272 1076 377 1138 eadem
402 1084 449 1138 est
472 1075 634 1139 verborum
658 1077 795 1160 syntaxis
815 1082 845 1138 et
866 1076 964 1139 totius
983 1098 1089 1138 versus
1102 1098 1206 1152 sonus,
1219 1082 1250 1138 et
1261 1098 1387 1159 prorsus

271 1187 353 1250 idem
377 1189 507 1250 interest
530 1189 612 1251 inter
635 1188 898 1272 Aristophaneum
923 1210 1045 1250 versum
1068 1193 1100 1250 et
1122 1187 1329 1271 Aeschyleum
1352 1210 1388 1250 ac

271 1302 354 1364 inter
376 1300 629 1385 Dicaeopolidem
652 1301 804 1384 anguillas
830 1301 1034 1368 admirantem
1061 1307 1093 1363 et
1112 1300 1148 1362 Io
1168 1299 1387 1363 Prometheum

273 1420 500 1496 agnoscentem.
527 1413 662 1477 Accedit
686 1413 767 1495 quod
790 1413 851 1476 alio
875 1412 1045 1496 Aeschyleo
1063 1435 1152 1475 versu
1170 1434 1271 1494 neque
1284 1414 1388 1475 minus

271 1532 392 1589 mutato
416 1526 620 1610 respondetur
642 1525 798 1605 πρέσβειρα
820 1526 871 1589 κτὲ
894 1548 937 1588 vs.
963 1527 1036 1588 883.
1063 1525 1307 1604 Quamobrem
1327 1548 1388 1588 non

275 1640 417 1723 ineptum
442 1639 520 1701 mihi
543 1640 667 1702 videtur
690 1640 829 1701 conicere
854 1637 1093 1722 Aristophanem
1119 1639 1248 1701 allatum
1268 1660 1391 1700 versum

270 1751 310 1814 ad
344 1750 522 1814 Promethei
556 1773 661 1814 versus
695 1773 834 1813 normam
870 1750 1084 1833 composuisse.
1116 1749 1234 1814 Verum
1265 1751 1389 1834 probari

272 1864 348 1926 talia
371 1871 542 1947 nequeunt.

273 2099 327 2163 Vs.
353 2092 434 2163 883.
525 2099 680 2179 πρέσβειρα
703 2098 884 2172 πεντήκοντα
906 2100 1055 2182 Κωπᾴδων
1078 2105 1161 2180 κοροῖν

321 2237 422 2300 Schol.
460 2237 497 2300 ‘0
533 2237 637 2315 στίχος
667 2237 727 2300 alah
757 2235 906 2316 δροὶμαπος
935 2237 1088 2316 Αἰσχύλου
1119 2236 1245 2302 “Orraon
1277 2240 1390 2319 κρίσεως

275 2346 362 2422 οὕτως
393 2349 658 2429 ἐπιγεγραμμένου,
683 2350 711 2412 ἐν
735 2343 756 2429 ᾧ
779 2351 964 2413 ἐπικαλεῖται
988 2350 1043 2422 τὰς
1067 2351 1217 2430 Ννρεΐδας
1240 2376 1284 2423 τις
1308 2349 1389 2424 ἐξελ-

275 2461 388 2534 θούσας
417 2470 518 2543 κρῖναι,
542 2464 610 2542 πρὸς
632 2462 684 2534 τὴν
708 2461 792 2525 Θὲπιν
816 2462 909 2539 λέγων
932 2463 1098 2536 ,,δεόποινοι
1121 2464 1301 2537 πεντήκοντα
1325 2473 1389 2537 Νη-

271 2576 361 2662 ρῄδων
396 2576 513 2655 χοροῦ.”
553 2575 656 2637 Bentl.
688 2579 781 2654 κορῶν.
814 2574 923 2638 Valck.
956 2582 1043 2656 χοροῦ
1073 2599 1129 2660 pro
1159 2580 1241 2656 κορῖον
1272 2576 1310 2638 R.
1343 2574 1389 2639 Cf.

275 2688 350 2751 Eur.
383 2687 480 2750 Andr.
506 2691 588 2752 1267
596 2715 605 2764 ;
626 2688 664 2750 lr.
686 2687 797 2749 Aesch.
826 2691 888 2750 168
913 2688 965 2765 N.,
990 2691 1052 2752 175
1076 2688 1134 2767 D.;
1159 2690 1230 2775 Iph.
1255 2690 1289 2752 Τ.
1315 2693 1388 2754 427.

274 2800 440 2885 (Mueller).

317 2913 401 2976 Post.
432 2913 687 2993 ἐπιγεγραμμένου
717 2912 807 2976 verba
837 2913 984 2978 excidisse
1015 2915 1170 2993 videntur,
1203 2914 1316 2999 quihus
1342 2940 1390 2978 ex-

274 3027 413 3110 posuerit
438 3025 603 3088 scholiasta
626 3047 721 3107 quarc
741 3026 918 3109 tragoediae
938 3024 1034 3090 ὅπνιων
1053 3028 1139 3107 κρίσις
1159 3028 1272 3090 titulus
1284 3028 1389 3090 luerit.

318 3138 467 3222 Appellat
495 3137 608 3220 aliquis
639 3137 802 3200 Thetidem
833 3145 870 3201 ut
901 3139 1023 3226 e4mari
1047 3146 1183 3222 emergat
1207 3146 1238 3201 et
1260 3162 1276 3201 e
1301 3138 1391 3202 Scho-

273 3250 380 3313 liastae
411 3249 503 3312 verbo
534 3247 711 3325 ἐξελθούσας
742 3258 880 3335 apparet,
910 3253 1029 3336 opinor,
1061 3251 1172 3327 ἔκβαθι
1194 3275 1237 3314 νε.
1265 3254 1327 3312 88l
1352 3251 1390 3313 ad

273 3363 432 3447 parodiam
457 3362 622 3446 pertinere.
646 3362 786 3427 Fortasse
810 3367 889 3449 apud
917 3365 1104 3450 Aeschylum
1127 3363 1234 3440 ἔκβηθι
1256 3365 1306 3427 vel
1329 3364 1390 3426 tale

274 3474 350 3557 quid
372 3474 568 3557 sequebatur.

276 3710 328 3773 Vs.
355 3703 435 3772 893.
838 3714 913 3791 μηδὲ
937 3714 994 3792 γοὶρ
1016 3711 1113 3776 θανών
1138 3736 1208 3777 ποτε

540 3829 590 3888 σοῦ
614 3826 702 3906 χωρὶς
725 3825 781 3899 slav
805 3825 1117 3902 ἐντετευτλανωμένης.

319 3959 442 4024 Gaudio
467 3961 567 4026 elatus
592 3963 658 4027 Dic.
683 3964 855 4046 anguillam
878 3964 934 4026 diu
957 3963 1162 4026 desideratam
1188 3964 1306 4026 salutat
1329 3985 1392 4024 ver-

273 4073 320 4136 bis
344 4072 457 4155 quibus
480 4076 664 4158 gravitatem
688 4077 837 4159 tragicam
862 4075 1021 4138 imitatur:

407 4214 480 4275 885.
505 4209 525 4275 ὦ
548 4215 681 4291 &taratra
705 4214 740 4276 οὺ
763 4210 814 4276 καὶ
838 4212 934 4275 ποὲλοοι
958 4211 1135 4290 ποθουμένη,

506 4320 595 4399 ἦλθες
619 4324 736 4396 ποθεινὴ
761 4325 815 4401 μὲν
838 4326 1022 4405 τρυγῳδικοῖς
1045 4334 1151 4406 χοροῖς,

507 4437 580 4522 φίλοι
605 4437 636 4499 δὲ
658 4436 797 4523 Μορύχῳ.
