3218 5370
300 615 342 675 30
764 631 906 689 squiras.

277 798 407 875 insulas,
441 819 517 880 quas
550 798 614 881 ipse
645 797 757 860 mentis
787 798 875 879 quasi
906 797 1005 860 oculis
1034 798 1175 881 adspicit.
1200 797 1394 881 spectatores

277 916 449 973 monstrans
471 910 690 993 Agoracritum
712 916 819 992 rogat:

455 1023 517 1084 163
540 1021 596 1092 τάς
619 1021 730 1100 στίχας
752 1022 818 1101 ὁρᾷς
841 1020 896 1092 τάς
919 1021 1009 1084 τῶνδε
1032 1025 1087 1084 τῶν
1112 1025 1208 1096 λαῶνς

277 1140 309 1196 et
332 1133 513 1217 pollicetur:

519 1244 626 1309 τούτων
648 1244 787 1309 άπάντοιν
811 1247 901 1318 αὐτὸς
923 1245 1058 1325 άρχέλας
1081 1243 1146 1308 ἔτει.

320 1360 368 1423 1)ο
389 1360 510 1439 insulis,
534 1359 773 1423 Atheniensium
797 1360 887 1423 sociis
910 1360 1038 1437 scilicet,
1062 1359 1151 1424 addit
1172 1360 1252 1423 176:
1274 1359 1323 1423 διά
1343 1365 1394 1424 τοῦ

275 1478 375 1537 ταῦτα
399 1471 500 1537 πάντα
523 1472 670 1552 πέρναται.

320 1585 405 1649 Haec
432 1585 536 1649 omnia
568 1585 798 1650 festivissimam
829 1608 893 1649 esse
923 1585 1190 1671 paratragoediam
1217 1608 1308 1649 nemo
1330 1609 1393 1650 non

275 1698 353 1761 vidit
382 1720 482 1780 neque
512 1698 550 1761 dc
578 1697 710 1782 singulis
744 1697 854 1775 verbis,
885 1720 964 1781 quac
995 1720 1051 1783 pro
1074 1698 1232 1762 comoedia
1254 1699 1395 1781 graviora

275 1811 348 1890 sint,
378 1810 526 1874 disserere
556 1833 635 1895 opus
658 1818 713 1873 est.
738 1810 828 1874 Kock
851 1810 888 1874 ad
912 1835 954 1875 vs.
981 1814 1042 1874 159
1066 1811 1159 1888 „Der
1181 1834 1249 1875 vers
1273 1811 1394 1874 soheint

274 1923 405 2000 „einem
433 1923 569 1986 anderen
592 1922 722 1986 Dichter
746 1931 945 1987 entnommen
969 1947 1007 1987 un
1031 1925 1105 1987 sein.
1130 1923 1234 1987 Dahcr
1259 1925 1299 1988 ist
1322 1925 1394 1988 viel·

276 2034 401 2111 „leioht
423 2035 481 2098 mit
504 2034 606 2118 Bergk
630 2033 783 2109 Ἀθηνέων
808 2037 852 2118 (in
873 2035 1024 2120 Syninese,
1045 2038 1095 2101 die
1115 2037 1202 2100 HSS.
1216 2035 1392 2119 Ἀθηναίων)

276 2170 343 2224 „un
367 2146 483 2212 lescn.'’

274 2368 327 2433 Vs.
355 2364 433 2434 197.
457 2372 528 2435 άλλ’
553 2369 661 2436 ὁπόταν
684 2371 788 2452 αάρψρ
814 2373 873 2436 uri.
899 2372 1030 2437 Parodia
1053 2373 1249 2437 oraculorum
1269 2373 1391 2438 Bacidis

273 2483 478 2568 aliorumque,
502 2505 581 2567 qnae
603 2491 680 2548 tunc
702 2485 850 2569 temporis
873 2485 1168 2549 circumferebantur
1193 2492 1225 2549 et
1243 2508 1261 2549 a
1280 2486 1390 2550 multis

274 2595 378 2680 magni
401 2593 605 2660 habebantur.
630 2595 676 2660 Cf.
702 2598 759 2660 hv.
786 2600 847 2661 967
872 2618 937 2680 sqq.
963 2596 1034 2661 Pac.
1061 2600 1145 2661 1063
1169 2620 1234 2681 sqq.

273 2815 327 2881 Vs.
353 2811 433 2880 214.
480 2817 609 2898 τάραττε
630 2817 682 2882 καὶ
705 2818 817 2898 χόρδευ’
842 2821 914 2897 ὁμοῦ
938 2820 978 2883 τά
1000 2820 1177 2902 πράγματα.

318 2930 419 2995 Schol.
449 2931 600 3012 Παρῳδίας
631 2933 744 3011 τρόπον·
771 2930 922 3012 παρῴδντε
951 2933 1008 3013 γάρ
1037 2934 1085 2998 τόν
1111 2932 1222 3011 ἴαμβον
1244 2931 1277 3008 ἐξ
1299 2935 1388 3013 Ἡρα-

273 3044 390 3108 κλειδῶν
408 3044 563 3124 Εὐριπίδου
583 3045 603 3107 i.
625 3067 663 3121 e.,
681 3044 762 3107 sicut
782 3045 882 3108 Schol.
904 3045 961 3128 Eq.
981 3045 1390 3124 221‚1099:hunciambi-

273 3180 345 3222 cum
376 3180 498 3221 versum
528 3157 704 3242 composuit
726 3180 848 3221 versum
872 3158 1106 3223 Heraclidarum
1131 3159 1265 3222 imitans.
1289 3161 1334 3221 At
1356 3159 1388 3221 in

273 3270 331 3334 boc
354 3270 514 3355 Euripidis
538 3270 675 3333 dramate
698 3270 778 3334 nihil
801 3270 900 3335 simile
920 3272 1088 3336 invenitur.
1111 3271 1189 3336 Cum
1208 3295 1271 3336 non
1291 3294 1389 3356 panca

272 3384 383 3463 desint,
409 3392 446 3447 ut
468 3384 605 3448 ostendit
628 3384 793 3448 Kirchhoff
813 3385 847 3449 in
865 3393 970 3449 annot.
991 3387 1029 3450 ad
1049 3409 1093 3450 vs.
1115 3388 1189 3464 630,
1210 3386 1388 3449 resincerta

272 3505 329 3577 est,
349 3498 402 3562 sed
421 3520 482 3561 non
502 3497 590 3561 video
610 3499 680 3581 quis
699 3499 732 3562 in
752 3499 811 3562 hoc
829 3499 976 3562 dramatis
993 3506 1080 3582 parte
1093 3497 1193 3563 verbis
1205 3497 1332 3578 reiparte
1343 3534 1388 3544 -

272 3608 443 3690 πράγματα
459 3610 508 3672 nti
525 3610 664 3694 potuerit
675 3632 777 3692 neque
790 3610 892 3673 versui
904 3611 1044 3694 tragicus
1056 3617 1103 3674 est
1115 3611 1207 3674 color.
1222 3611 1386 3690 Ταράττειν

271 3721 407 3785 occurrit
434 3721 559 3804 quidem
589 3721 623 3784 in
652 3727 731 3805 trag.
761 3728 798 3785 ut
827 3722 903 3785 Eur.
932 3721 1025 3786 Herc.
1050 3721 1110 3786 fur.
1136 3726 1198 3785 605
1222 3721 1276 3786 sed
1299 3744 1317 3785 a
1340 3743 1387 3786 co-

271 3833 391 3897 moedia
413 3833 542 3896 minime
566 3833 703 3896 alienum
726 3841 783 3912 est,
808 3834 845 3896 of.
869 3835 927 3916 Eq.
953 3837 1026 3914 86⁷,
1052 3837 1126 3897 909.
1151 3833 1223 3918 Lys.
1250 3835 1346 3896 1939.

316 3945 456 4010 Mentem
479 3945 576 4009 subiit
598 3945 691 4010 verba
714 3946 860 4028 παρῳδίας
883 3947 984 4027 τρόπον
1000 3946 1168 4028 ἱιιιέοιοιιιὶιι
1192 3969 1256 4010 csse
1279 3946 1318 4009 ad
1341 3969 1384 4008 vs.

273 4059 334 4121 910
366 4056 400 4121 αἵ
425 4082 458 4122 κε
488 4057 531 4134 μὲν
561 4056 695 4138 θαλφθῇ
719 4059 815 4135 λόγοις
839 4060 934 4142 ibique
955 4061 1105 4140 dependam
1126 4080 1186 4121 eree
1207 4055 1385 4138 θελχθῇ,

256 4191 342 4243 Ιτινα]
365 4169 424 4233 etsi
447 4169 481 4232 in
503 4169 602 4233 lexico
625 4170 759 4254 Hesych.
778 4169 894 4254 legitur
912 4169 1026 4247 θέλγει·
1045 4171 1164 4251 errari,
1182 4167 1306 4243 θάλπει,
1318 4169 1387 4232 nnl-

270 4281 337 4345 lnm
366 4303 497 4365 usquam
527 4282 632 4347 inveni
661 4283 763 4347 locum
792 4282 847 4345 ubi
869 4281 998 4347 θάλπειν
1020 4283 1165 4347 mulcendi
1189 4281 1385 4365 significatio·

268 4415 340 4461 nem
361 4392 484 4460 habeat.
507 4395 564 4461 nst
585 4398 758 4483 calefacere,
781 4394 844 4459 imo
866 4396 1027 4475 incendere,
1050 4417 1122 4458 cum
1147 4401 1256 4458 contra
1276 4392 1385 4471 λόγοισι
