3218 5370
712 584 838 627 unsrun.
1272 571 1311 631 53

216 747 254 809 de
286 745 400 828 quibus
430 748 492 810 vid.
524 747 703 830 Berghium,
733 748 769 810 fr.
802 747 892 811 Pind.
928 751 1000 810 190.
1034 748 1188 812 Videntur
1220 757 1340 834 praete·

219 882 270 922 rea
293 860 385 922 verba
413 858 618 939 ἔχεις-πόρον
643 861 732 922 εἰπεῖν
756 882 818 922 non
842 860 979 944 ipsorum
1004 883 1068 923 esse
1093 883 1261 945 puerorum
1286 863 1340 926 sed

217 972 349 1035 alieuius
372 972 491 1054 tragici.
520 971 720 1034 Substantivo
745 972 826 1051 πόρος
848 973 956 1035 eodem
975 973 1066 1036 modo
1087 974 1188 1037 utitur
1208 975 1340 1058 Aeschy-

216 1083 266 1146 lus
296 1088 327 1145 et
356 1084 533 1167 saepissime
565 1083 740 1167 Euripides.
776 1083 857 1166 (Una
888 1106 959 1146 cum
978 1085 1061 1155 ἐλπίς
1085 1086 1219 1148 occurrit
1243 1085 1335 1149 Herc.

217 1196 278 1259 fur.
305 1199 344 1258 80
370 1202 419 1259 νῦν
444 1190 489 1259 οὖν
513 1195 565 1259 τίν’
585 1195 685 1259 ἐλπίδ’
704 1195 720 1267 ἢ
741 1196 823 1275 πόρον
844 1197 983 1276 σωτηρίοις
1004 1194 1009 1280 Ι
1029 1194 1337 1280 ἐξενμοορίζενςς)Νοη

217 1314 343 1387 temere,
378 1309 496 1392 opinor,
529 1308 660 1370 conicias
683 1307 775 1371 verba
798 1307 892 1370 allata
917 1331 953 1370 ex
978 1309 1081 1371 eadem
1107 1311 1266 1392 tragoedia
1288 1309 1338 1373 de·

219 1421 317 1484 rivata
352 1444 417 1484 esse
449 1444 486 1484 ex
517 1443 578 1503 qua
601 1444 644 1483 vs,
671 1423 734 1482 312
758 1443 834 1502 sqq,
859 1445 875 1483 e
901 1420 1017 1483 Theseo
1040 1422 1120 1498 dieo,
1146 1429 1177 1484 et
1201 1422 1336 1506 profecta

216 1556 279 1596 esse
302 1556 319 1595 a
342 1533 456 1617 pueris,
475 1532 587 1596 Thesei
607 1531 782 1610 comitibus,
803 1534 841 1596 de
862 1533 962 1596 salute
974 1556 1071 1617 paene
1084 1533 1318 1618 desperantibus
1325 1562 1334 1613 ;

214 1666 304 1729 porro
330 1643 448 1717 Ἕλλας
472 1646 524 1725 ἱρόν
548 1652 658 1708 natum
681 1668 745 1708 esse
769 1669 806 1707 ex
830 1646 934 1728 aliquo
956 1645 1108 1709 adiectivo
1128 1647 1176 1709 vel
1197 1646 1338 1710 substan·

215 1758 278 1821 tivo
309 1759 392 1839 quod
420 1780 491 1820 cum
523 1758 604 1838 πόρον
633 1759 835 1821 coniunctum
858 1765 937 1821 esset
959 1758 1005 1821 ita
1027 1764 1065 1821 ut
1088 1760 1243 1822 sententia
1266 1783 1334 1822 eva·

215 1871 302 1934 deret
328 1872 435 1947 „eiam
467 1873 584 1949 οοόννόνο,
614 1869 749 1956 οβνιρόό,Η
778 1877 809 1933 et
839 1870 877 1933 ab
905 1871 1112 1954 Aristophane
1145 1873 1227 1952 παρόν
1248 1896 1331 1952 προς-

215 1980 311 2046 δοκόνον
333 1983 368 2045 in
392 1982 521 2045 Pindari
545 1981 664 2054 Ἕλλνος
688 1982 740 2062 ἱρόν
763 1983 923 2046 detortum
945 1983 995 2046 sit.

259 2094 330 2159 Nisi
363 2095 426 2158 tale
461 2095 537 2178 quid
567 2096 679 2160 accidit
711 2095 819 2158 comici
850 2096 936 2159 iocus
967 2096 1146 2179 perineptus
1168 2101 1214 2160 est
1236 2104 1331 2180 atque

218 2208 365 2271 insulsus.

216 2493 267 2556 Vs.
294 2485 374 2554 312.
413 2483 471 2554 'n
497 2492 528 2555 τί
549 2516 589 2568 με
611 2491 686 2562 δῆτ’,
712 2485 731 2553 ὦ
754 2490 849 2567 μελέοο
874 2498 974 2569 μῆτερ,
999 2488 1127 2563 ἕτοκτεςς

436 2614 469 2666 Χ.
496 2602 529 2666 t’
554 2602 619 2679 ἐμοὶ
644 2602 815 2683 τρόγμοοτοο
839 2602 954 2679 βόσκειν
977 2602 1121 2682 παρέχῃς.

433 2726 470 2779 Π.
496 2716 630 2789 νὀνόνντον
654 2714 698 2795 ἄρ’
722 2709 742 2776 ὦ
766 2714 897 2778 όυλοόκνόν
921 2717 949 2777 0²
973 2709 1052 2793 εἶχον
1076 2714 1217 2792 ν’όγοολμοο.

499 2829 539 2901 ἐὴ.

501 2938 582 3020 πόρον
605 2942 657 3019 νῷν
681 2939 836 3018 ττενόζενν.

256 3114 306 3177 Ad
339 3136 382 3175 vs.
419 3115 482 3175 313
515 3111 685 3191 τρόνμνοτοο
715 3112 830 3188 βόσκειν
863 3111 961 3175 Schol.
988 3114 1024 3175 ‘0
1048 3111 1133 3190 λόγος
1158 3116 1190 3178 ἐκ
1214 3114 1332 3188 Θησέως

210 3227 375 3306 Εὐριπίδου.
401 3228 464 3289 ἐκεῖ
482 3228 539 3305 γόορ
566 3231 665 3289 τοῦτο
685 3225 817 3302 λέγουσιν
838 3227 861 3289 οἱ
880 3227 1051 3303 τοοττόμενον
1072 3229 1178 3296 recidor
1191 3229 1229 3298 εἷς
1243 3228 1331 3307 βορόν

211 3339 250 3417 τῷ
275 3338 461 3418 Μννωτονόρῳ.

255 3448 316 3512 Vix
340 3450 439 3512 credo.
466 3449 567 3513 Verba
592 3447 805 3529 ἵν’-ττνορέχνς
828 3451 924 3535 patris
946 3458 1019 3513 sunt
1045 3450 1130 3533 (Cob.
1151 3450 1223 3513 Var.
1242 3450 1328 3515 Leet.

208 3584 238 3645 p.
275 3563 335 3643 tt),
359 3562 486 3624 minime
508 3562 624 3644 tragica
649 3563 701 3624 sed
725 3585 741 3623 e
764 3563 844 3624 vitae
869 3564 1068 3644 quotidianae
1092 3563 1327 3641 consuetudine,

209 3696 288 3756 quae
317 3695 379 3755 quo
402 3674 529 3737 tandem
552 3674 642 3736 modo
666 3697 683 3736 a
706 3675 820 3758 pueris,
845 3697 923 3757 quos
946 3675 1146 3739 Minotaurus
1170 3677 1331 3740 devoratu-

209 3809 262 3849 rus
294 3792 384 3864 esset,
415 3787 544 3870 proferri
572 3787 742 3870 potuerint,
773 3809 835 3849 non
858 3787 957 3850 video.
982 3786 1123 3850 Pertinet
1146 3788 1211 3849 sine
1234 3787 1329 3851 dubio

209 3898 353 3960 Scholion
383 3898 422 3960 ad
452 3899 687 3982 praecedentem
718 3921 840 3962 versum
871 3897 1061 3969 τί-ἕτνκτες.
1096 3899 1244 3962 Eiusdem
1266 3905 1327 3962 tra·

208 4012 317 4094 goedia
340 4012 468 4096 perodio
491 4013 573 4075 inest
596 4013 699 4075 versui
725 4014 798 4074 314.
824 4012 925 4075 Schol.
951 4013 993 4073 sic
1011 4013 1128 4095 pergit:
1150 4014 1183 4075 τό
1201 4013 1232 4075 δὲ
1252 4009 1327 4085 ἑξῆς,

140 4205 148 4216 .
207 4127 239 4188 τό
261 4126 396 4197 οὶνόνντον
414 4125 480 4204 (ipa,
500 4125 671 4195 Ἱτττόλοτός
692 4128 768 4188 ἐστιν
789 4127 801 4189 ό
823 4125 916 4202 λέγων
936 4127 999 4188 ἐκεῖ
1007 4174 1027 4202 „
1037 4127 1171 4198 νόνόνντον
1185 4124 1327 4202 tyanae,

210 4237 310 4316 τότερ,
347 4236 441 4300 οἵκονσν
472 4238 590 4301 τεκόν.”
622 4237 778 4320 Loquitur
801 4239 898 4320 igitur
922 4260 1009 4322 puer,
1036 4245 1067 4300 et
1090 4239 1147 4301 hoe
1170 4239 1237 4301 loco
1257 4261 1325 4301 ver·

207 4371 275 4412 sum
313 4353 376 4412 314
407 4373 504 4436 puero
535 4351 728 4414 reddendum
758 4339 822 4415 esse
854 4353 997 4433 querenti
1029 4353 1112 4434 quod
1136 4352 1195 4416 sibi
1220 4375 1326 4416 saccus
