3218 5370
269 652 285 714 7
290 655 308 715 0
770 674 842 717 run.

243 839 310 902 lum
340 839 509 917 advenisse,
533 864 576 903 vs.
602 842 664 902 283
689 841 832 920 προλιπὼν
854 840 947 920 χθόνιε
970 839 1083 921 μητέριι
1106 840 1218 918 μήλων,
1240 838 1310 905 iles?
1333 844 1362 914 ἐς

195 982 198 988 ’
242 952 412 1024 όόιινιότινς.
976 990 980 997 ·

288 1063 393 1127 Crevit
423 1065 528 1128 sabula
557 1066 670 1128 eundo.
702 1064 809 1128 Tradit
839 1065 1003 1144 Pindarus,
1027 1066 1079 1130 Ol.
1099 1066 1184 1131 XIII
1209 1071 1270 1132 120
1296 1091 1361 1152 sqq.

243 1176 514 1262 Bellerophontem
536 1177 653 1261 Pegaso
676 1185 801 1241 vectum
824 1201 961 1262 pugnam
985 1179 1089 1242 iniisse
1109 1186 1150 1257 et,
1170 1179 1281 1242 Isthm.
1296 1179 1361 1243 VII
1408 1272 1412 1277 1

245 1293 285 1352 64
312 1311 388 1372 sqq„
412 1313 494 1368 eum,
519 1291 640 1353 eoelum
665 1313 735 1352 oum
759 1291 857 1353 risere
881 1290 986 1367 vellet,
1009 1292 1043 1353 in
1067 1298 1182 1354 terram
1207 1291 1361 1356 deiectum

244 1426 307 1466 esse
332 1410 363 1465 et
387 1402 496 1465 misero
518 1404 646 1487 periisse
668 1401 685 1466 ό
705 1427 747 1466 ττι
770 1403 895 1482 πτερόεις
919 1402 1011 1484 ἔρριψε
1029 1403 1172 1480 Πόγνστς
1193 1402 1197 1492 Ι
1218 1404 1363 1468 δεττότνιν

243 1516 364 1580 ἐθέλοντ’
395 1518 424 1588 ἐς
453 1518 569 1596 adparari
601 1517 750 1594 στιιόμεὺς
772 1515 776 1604 l
796 1518 887 1580 ε’λόεῖν
918 1518 982 1594 μεθ’
1006 1517 1146 1596 όμνόρνριν
1169 1517 1361 1599 Βελλεροφόν-

243 1653 299 1693 τιιν
319 1628 324 1716 Ι
345 1629 441 1702 Ζηνός.
467 1630 593 1712 Equum
613 1637 719 1692 autem
743 1630 773 1692 in
799 1629 919 1692 eoelum
943 1629 1086 1706 evolasse,
1112 1629 1162 1692 Ol.
1183 1629 1267 1692 XIII
1288 1632 1360 1709 131,
1443 1629 1448 1635 ’

243 1743 319 1806 τόνδ’
343 1744 371 1805 ἐν
397 1741 553 1822 Οὐλύμπῳ
576 1741 689 1823 Φότνιιι
714 1743 802 1814 Ζηνός
821 1743 949 1820 ἀρχνιῖιιι
969 1741 1107 1805 δέκοντιιι.
1127 1740 1276 1804 Fabulam
1289 1764 1362 1824 qna·

242 1854 304 1918 lem
336 1855 466 1918 tradidit
497 1854 652 1917 Pindarus
684 1855 833 1937 expressit
856 1854 1029 1937 EurIpides.
1055 1854 1157 1916 Sohol.
1183 1853 1253 1916 Pao.
1281 1857 1360 1919 147:

245 1971 351 2040 ἐκεῖνος
376 1968 562 2051 (Euripides)
587 1968 687 2047 δρῖιμιι
710 1966 894 2053 ε’τιίιισερόν
917 1967 1147 2046 Βελλεροφόντην
1172 1969 1199 2029 ἕν
1223 1959 1362 2045 ᾧχωλόν

244 2080 402 2158 εἷσόγνιρεν
426 2081 513 2143 atro
537 2079 584 2143 διόι
607 2080 639 2143 τό
663 2078 846 2142 τεττωκὲνιιι
869 2079 928 2143 ἀπὸ
951 2082 1001 2142 τοῦ
1022 2077 1164 2156 Πνγνότιν
1187 2077 1362 2155 βουλόμενόν

242 2195 281 2265 εἷς
306 2194 416 2288 οὐρρινόν
439 2193 577 2255 νὶνελόεῖν.

288 2306 385 2370 Initio
420 2307 576 2384 dramatis,
608 2313 645 2369 ut
673 2331 689 2370 e
719 2306 899 2389 fragmentis
931 2305 1034 2368 videre
1066 2313 1122 2382 est,
1154 2306 1250 2368 animi
1273 2330 1362 2391 aeger

245 2422 447 2503 conqueritur
469 2419 635 2504 proborum
659 2421 816 2482 adversam
840 2419 995 2482 fortunam
1020 2425 1051 2480 et
1074 2420 1227 2482 iniustum
1250 2421 1360 2483 fatum.

244 2534 283 2597 Iu
307 2557 342 2596 m
366 2533 468 2595 differt
490 2533 680 2616 Euripidous
704 2531 911 2616 Bellerophon
932 2531 969 2594 ab
988 2531 1153 2595 Homerico
1177 2533 1231 2616 qui
1258 2533 1361 2609 dolore

223 2669 405 2732 oppressus
437 2653 502 2708 erat
526 2644 564 2707 ob
588 2652 719 2708 mortem
744 2645 911 2708 liberorum
936 2646 1003 2724 οὐχ,
1029 2648 1065 2716 ὡς
1088 2643 1111 2709 οἱ
1129 2646 1254 2726 νεώτεροί
1274 2653 1361 2728 φασι,

242 2873 316 2955 λείρι,
347 2871 450 2934 Sohol.
474 2872 565 2934 Hom.
591 2870 630 2933 Il.
657 2869 705 2932 VI
729 2873 802 2932 202.
827 2868 973 2933 Welolrer
995 2892 1024 2953 p.
1052 2873 1124 2934 791.
1150 2870 1279 2935 Nullius
1301 2870 1360 2934 sibi

244 2985 384 3048 conscius
416 2984 548 3062 sceleris,
578 3005 718 3046 morosus
747 2989 779 3044 et
809 2983 1062 3061 melancholicus,
1094 2983 1220 3046 disserit
1240 2984 1278 3047 de
1300 2982 1360 3045 diis

244 3099 300 3180 qui
323 3120 369 3160 res
391 3098 542 3159 humanas
561 3095 732 3178 gubernare
756 3097 916 3172 dicuntur,
936 3096 972 3158 fr.
996 3099 1069 3175 287,
1092 3099 1164 3175 288,
1187 3100 1250 3158 298
1270 3097 1382 3158 cuius.

243 3215 420 3295 postremus
461 3231 566 3272 versus
610 3208 633 3271 εἰ
677 3208 731 3271 drot
760 3232 787 3270 τι
822 3208 919 3287 δρῶσιν
954 3209 1084 3288 αἰσχρόν,
1118 3210 1167 3272 οὐκ
1202 3205 1273 3269 εἰσὶν
1308 3207 1363 3270 θεοί

244 3323 382 3407 (fortasse
416 3342 540 3404 quoque
576 3344 617 3382 vs,
656 3323 673 3381 6
703 3319 785 3382 όλλιό
816 3343 857 3383 τοι
890 3317 973 3393 λε’ξνιι
998 3320 1089 3402 diam)
1114 3343 1131 3381 a
1153 3318 1361 3404 praecedenti·

242 3437 300 3498 bus
329 3433 555 3517 disiungendus
585 3433 719 3496 videtur.
752 3433 841 3513 Quae
872 3433 967 3496 fuerit
998 3434 1065 3496 eius
1087 3433 1233 3497 tristitiae
1257 3455 1359 3510 eausa,

242 3571 281 3611 an
312 3547 479 3610 liberorum
514 3568 604 3625 mors,
641 3552 678 3607 ut
712 3546 795 3629 apud
826 3545 1009 3623 Homerum,
1040 3569 1056 3608 e
1088 3545 1268 3628 fragmentis
1297 3567 1359 3608 non

244 3665 382 3744 apparet.

287 3769 368 3832 Utut
398 3776 453 3848 est,
485 3769 757 3852 Bellerophontem
785 3769 876 3833 finxit
904 3769 1071 3854 Euripides
1100 3791 1162 3832 non
1186 3769 1277 3832 modo
1300 3791 1361 3831 sor·

241 3889 304 3946 tem
328 3905 415 3945 suam
440 3905 529 3964 aegre
553 3882 699 3944 ferentem
727 3880 780 3945 sed
804 3882 921 3944 elatum
946 3882 1039 3944 etiam
1063 3882 1189 3944 victoria
1208 3882 1299 3963 quam
1322 3880 1359 3943 de

241 3994 402 4058 Chimaera
432 4000 652 4078 reportaverat.
686 3993 785 4056 Schol.
819 3992 859 4056 I.
892 3992 940 4054 VI
971 3995 1049 4056 155:
1074 3993 1194 4070 λέγεται
1218 3993 1248 4056 δὲ
1272 3994 1359 4056 ιιύτόν

241 4107 401 4188 ἕτιιρόέντιι
432 4108 481 4187 ἐφ’
514 4102 551 4178 οἷς
583 4104 688 4186 ἔτριιξε
721 4108 838 4179 όελῆσνι
862 4109 942 4182 μετόι
966 4110 1016 4169 τοῦ
1039 4105 1181 4182 Πνρόσιν
1203 4105 1252 4169 τόν
1275 4105 1358 4184 oripo-

241 4221 285 4284 νόν
308 4224 517 4293 κνιτοττεῦτιιι,
544 4225 575 4282 et
596 4221 633 4283 fr.
659 4223 721 4282 295

437 4331 508 4408 τιμό
533 4332 669 4410 τ’ἐτνιόρει
691 4336 747 4394 τῶν
771 4330 865 4403 πόλεις
889 4331 990 4410 μεῖζον
1013 4327 1143 4411 <pponam

241 4444 295 4508 ubi
318 4467 373 4529 pro
397 4444 467 4521 τιμιό
495 4444 602 4507 malim
626 4445 728 4527 legere
752 4443 822 4515 νίκη.
