3218 5370
589 618 942 662 THESMOPHORIAZUSAE.

205 798 260 863 Vs.
291 790 394 860 1070.
427 795 458 859 τί
478 795 544 859 ποτ’
569 795 751 876 Ἀνδρομέδα
774 795 920 875 περίαλλα
944 801 1041 860 κακῶν

428 907 512 986 μέρος
536 905 680 986 ἐξέλαχον
704 908 826 973 θανοίτον
850 909 989 986 τλήμωνς

248 1024 349 1086 Schol.
382 1021 433 1086 καί
456 1026 541 1086 τοῦτο
564 1023 596 1085 ἐκ
618 1026 669 1085 τοῦ
692 1022 840 1102 προλόνον.
866 1023 957 1085 λείπει
979 1071 999 1100 ,,
1009 1023 1162 1099 μέλλουσα
1186 1023 1323 1101 ‘razates'

207 1136 257 1199 Fr.
285 1138 358 1198 115.
384 1133 432 1196 De
454 1134 600 1214 περίαλλα
623 1135 660 1196 01.
686 1133 770 1197 Pors.
796 1134 879 1197 Med.
906 1138 979 1197 284.

220 1243 222 1250 ’
248 1247 296 1310 De
319 1248 377 1310 hac
396 1247 591 1310 festivissima
611 1247 738 1330 parodia
759 1254 850 1324 recte,
866 1248 1037 1331 refragante
1049 1255 1086 1310 ut
1099 1249 1178 1311 solet
1192 1247 1324 1330 Engero,

203 1360 354 1423 iudicavit
384 1359 540 1422 Fritsohe:
570 1359 695 1436 „Nobis
726 1361 851 1442 quidem
875 1383 986 1445 parum
1011 1361 1129 1443 tragice
1154 1361 1240 1422 Echo
1264 1361 1325 1422 ista

203 1473 358 1551 „videtur
382 1473 562 1535 introducta
585 1496 659 1550 esse,
685 1495 756 1535 cum
779 1475 957 1556 praesertim
982 1474 1164 1536 lamentatio
1184 1475 1250 1536 eius
1270 1474 1326 1535 vir-

203 1587 298 1670 „gini
321 1586 380 1669 ipsi
403 1585 532 1647 molesta
555 1585 681 1647 fuerit.”

248 1701 356 1761 Posset
385 1698 513 1760 fortasse
543 1698 606 1760 talc
636 1699 799 1760 inventum
830 1697 955 1760 defendi
978 1698 1003 1759 si
1028 1698 1109 1760 vocis
1133 1698 1267 1779 imagine
1292 1698 1324 1759 iu

201 1813 360 1895 tragoedia
384 1834 461 1895 opus
485 1818 573 1889 esset,
599 1835 625 1874 v.
650 1834 675 1873 0.
700 1813 737 1874 ad
762 1811 898 1893 aliquem
922 1819 1039 1874 terrore
1060 1811 1264 1888 afficiendum,
1291 1812 1324 1873 in

204 1922 403 1986 Andromeda
438 1946 509 1986 vcro
544 1924 618 1986 echo
648 1923 727 1985 nihil
759 1931 805 1986 est
837 1924 895 1986 nisi
926 1922 1171 1986 additamentum
1205 1923 1263 1998 vel,
1291 1929 1328 1983 ut

203 2036 346 2120 Euripidi
370 2035 542 2114 videbatur,
568 2044 795 2112 ornamentum,
821 2059 883 2118 quo
903 2044 1006 2097 tamen
1029 2035 1118 2097 facile
1138 2057 1239 2097 carere
1260 2058 1327 2118 pos-

205 2173 322 2213 sumus.
360 2149 527 2234 Proposuit
558 2149 626 2227 sibi,
655 2151 687 2213 ni
712 2150 811 2227 fallor,
837 2156 926 2232 poeta
951 2149 992 2211 ita
1020 2148 1139 2211 afficere
1162 2147 1320 2209 auditores

203 2269 240 2324 ut
283 2264 437 2325 sentirent
479 2263 631 2345 virginem
666 2263 696 2324 in
732 2262 941 2324 desertissima
975 2260 1144 2323 solitudine
1180 2261 1218 2322 ad
1254 2283 1325 2321 saxa

203 2375 361 2457 alligatam
395 2397 468 2452 esse,
499 2373 551 2437 ubi
583 2375 672 2437 nulla
703 2374 865 2436 audiretur
895 2397 952 2436 vor
983 2375 1043 2437 nisi
1067 2396 1147 2456 quae
1170 2374 1325 2435 montium

203 2488 346 2550 anfractu
370 2494 629 2571 repercuteretur.
655 2487 715 2550 Sed
738 2510 801 2550 uon
825 2494 985 2550 assecutus
1008 2487 1158 2568 estquod
1180 2486 1325 2570 sibipro-

203 2608 357 2684 posuerat.
391 2600 489 2662 Aliud
513 2606 560 2663 est
582 2600 688 2663 Echus
712 2623 816 2663 vocem
841 2600 1022 2673 describere,
1047 2598 1130 2681 quod
1153 2599 1226 2661 fecit
1253 2597 1324 2661 Ovi-

202 2714 282 2792 dius,
315 2712 402 2775 aliud
432 2714 464 2775 in
497 2735 588 2775 scena
611 2720 807 2776 resonantem
830 2713 929 2776 facere
952 2719 1047 2794 atque
1071 2713 1104 2773 in
1127 2710 1318 2794 tragoediam

202 2826 399 2888 introducere
422 2826 505 2907 quod
530 2826 562 2888 in
587 2849 619 2888 re
644 2828 760 2889 musica
786 2828 835 2888 vir
858 2826 930 2888 ferri
949 2827 1056 2910 possit.
1077 2824 1180 2886 Etiam
1196 2824 1222 2886 si
1234 2831 1324 2887 natu-

201 2962 265 3001 ram
288 2962 393 3002 revera
417 2939 558 3002 imitatus
582 2948 661 3002 esset
686 2964 786 3023 nepae
807 2941 867 3003 nisi
887 2940 1044 3003 lenissime
1065 2962 1124 3001 vox
1137 2946 1317 3017 resonasset,

202 3053 333 3115 artificio
359 3075 432 3116 usus
457 3059 536 3116 esset
559 3077 576 3115 a
599 3055 757 3136 tragoedia
781 3030 903 3130 alieno,¹
923 3059 964 3129 at,
988 3075 1059 3115 cum
1082 3052 1115 3114 in
1139 3053 1238 3114 maius
1260 3074 1325 3113 rem

201 3173 338 3249 augeret,
369 3189 440 3229 cum
464 3172 528 3228 tam
553 3166 648 3229 claras
672 3166 816 3229 redderet
838 3188 926 3228 voces
949 3165 1036 3227 Echo
1062 3172 1099 3226 ut
1123 3163 1322 3227 Andromeda

202 3287 325 3362 rogaret
355 3281 426 3362 quis
456 3280 575 3342 adesset
607 3284 638 3341 et
668 3278 780 3341 deinde
811 3285 847 3340 ut
871 3285 972 3341 tacere
996 3277 1101 3355 vellet,
1127 3276 1323 3360 aptissimum

203 3400 269 3456 erat
302 3394 359 3457 hoc
390 3395 553 3456 inventum
581 3415 644 3455 non
668 3393 707 3455 ad
730 3393 848 3455 animos
872 3392 1052 3454 auditorum
1076 3389 1320 3467 commovendos,

205 3505 288 3589 quod
311 3506 435 3589 Engero
459 3505 631 3582 videbatur,
654 3505 707 3568 sed
728 3505 766 3567 ad
786 3505 946 3567 theatrum
967 3503 1205 3566 exhilarandum
1218 3523 1320 3583 neque

203 3618 313 3682 dubito
337 3621 415 3705 quin
439 3619 596 3682 auditores
621 3618 735 3705 quibus
759 3641 848 3681 aures
871 3624 984 3680 teretes
1009 3623 1110 3680 essent
1129 3615 1324 3679 subridentes

204 3733 260 3796 hoc
284 3732 513 3795 Andromedam
538 3733 619 3795 inter
643 3739 674 3794 et
697 3731 783 3794 Echo
808 3731 1000 3812 colloquium
1025 3729 1212 3793 audiverint.

202 3932 255 3995 Vs.
283 3924 385 3994 1098.
419 3925 439 3992 ὦ
463 3928 527 4002 θεοί,
552 3929 604 3993 τίν’
633 3931 663 4000 ἐς
687 3936 743 4005 γῆν
768 3927 925 4008 βαρβοίρων
948 3927 1108 4006 ἀφίγμεθα

424 4050 521 4122 ταχεῖ
541 4042 649 4121 πεδίλῳ
657 4069 665 4118 ;
692 4041 740 4104 δνσὶ
763 4040 853 4118 μέσον
876 4039 934 4120 γθιρ
959 4039 1062 4119 αἰθέρος

423 4156 535 4234 τέμνων
559 4155 688 4218 κέλευθον
712 4155 789 4217 ποδα
813 4154 911 4229 τίθημ’
936 4151 1092 4232 ὑπόπτερον

246 4270 349 4333 Schol.
381 4271 419 4340 εἷς
449 4268 561 4348 Περσέα
592 4265 625 4341 ἐξ
655 4267 853 4347 Ἀνδρομέδας
884 4267 948 4345 τρία
970 4265 1010 4328 τοὶ
1034 4270 1142 4345 πρῶτα.
1169 4265 1220 4327 Fr.
1248 4265 1322 4325 123.

202 4382 289 4446 Ἐστὶ
321 4381 449 4462 Περσέως
479 4380 635 4458 Fritsche;
665 4381 719 4444 sed
748 4381 884 4444 fortasse⁴
906 4379 944 4451 είς
972 4377 1086 4458 Περσέα
1109 4401 1146 4441 er
1166 4376 1323 4442 vocabulis
