3218 5370
272 656 331 718 170
746 672 861 715 annun.

246 840 377 924 phanem
400 839 449 902 hic
472 839 648 923 exemplum
672 838 779 902 afferre
803 837 956 901 scribendi
975 838 1098 921 generis
1118 838 1278 923 Euripidis
1298 861 1365 923 pro-

246 952 316 1037 prii,
349 953 404 1034 qui
434 951 605 1015 sexcenties
636 951 771 1013 carmina
795 956 924 1014 exornat
946 951 1098 1014 eiusmodi
1122 950 1365 1034 digressionibus

246 1087 326 1148 quae
361 1065 393 1127 in
427 1063 503 1154 locis
538 1062 747 1126 describendis
780 1069 953 1126 versantur.
990 1061 1140 1148 Compara
1171 1064 1267 1149 Hipp.
1301 1065 1362 1128 738

245 1175 331 1240 ένθα
355 1175 511 1256 πορφύρεον
535 1176 734 1240 οταλοίοσουο’
756 1173 761 1264 l
781 1176 820 1247 είς
845 1171 938 1253 οἶδμα
961 1176 1069 1255 πατρὸς
1088 1175 1269 1256 τριτοίλαιναι
1290 1174 1295 1264 Ι
1315 1177 1363 1241 κί-

244 1313 289 1369 ραι
323 1289 481 1360 Φαέθοντος
512 1289 572 1353 κτέ.
598 1288 680 1352 Ibid.
707 1290 770 1352 744
794 1286 834 1351 ἵν’
859 1289 873 1352 ὁ
896 1288 1079 1366 ποντομέδων
1103 1288 1267 1369 πορφυρέοις
1290 1288 1361 1366 λίμ-

245 1426 298 1474 νας
325 1401 330 1489 Ι
359 1401 479 1474 ναιίταις
509 1401 600 1466 οὐκέθ’
629 1403 691 1466 ίδδν
723 1401 811 1480 νέμει.
837 1402 917 1466 Ibid.
945 1403 1006 1464 750
1032 1400 1072 1465 ίν’
1097 1402 1262 1483 θλβιοδοιρις
1280 1400 1363 1476 αὔξει

245 1512 337 1594 ζαθέα
364 1512 388 1601 l
396 1515 475 1593 χθὼν
506 1514 688 1592 εὐδαιμονίαν
720 1517 800 1587 θεοῖς.
836 1515 954 1580 Similia
984 1515 1151 1599 leguntur:
1184 1515 1260 1579 Hec.
1285 1518 1360 1597 458,

246 1625 364 1691 Phoen.
390 1631 463 1705 640,
489 1627 561 1707 657,
587 1627 654 1691 Ion.
680 1631 753 1705 461,
779 1632 853 1709 495,
881 1631 954 1707 503,
982 1630 1054 1708 713,
1083 1629 1154 1708 715,
1179 1628 1249 1714 Iph.
1271 1629 1363 1694 Taur.

248 1743 343 1820 1104,
367 1740 437 1825 Iph.
464 1741 537 1804 Aul.
564 1741 625 1805 757
651 1747 682 1805 et
705 1743 827 1826 passim.

246 1963 301 2028 Vs.
329 1957 431 2026 1319.
619 1971 750 2042 μαντεῖα
769 1963 821 2028 καί
846 1964 988 2036 σταδίους.

291 2077 382 2141 Unde
411 2079 486 2141 hacc
516 2078 655 2141 hauserit
679 2079 733 2140 Ar.
759 2100 821 2140 non
844 2078 954 2160 liquet.
981 2080 1031 2140 An
1055 2101 1091 2141 err
1116 2079 1222 2142 eadem
1244 2085 1360 2162 tragoe·

246 2189 297 2252 dia
331 2213 348 2252 e
379 2212 440 2272 qua
469 2191 639 2272 sequentia,
671 2213 708 2253 ex
740 2189 931 2275 Hypsipyle?
963 2189 1074 2272 Neque
1099 2174 1183 2255 unde
1206 2190 1364 2275 pendeant

246 2302 413 2365 accusativi
442 2301 541 2366 video.
570 2301 597 2365 E
620 2303 749 2386 reliquis
773 2303 876 2386 aliqua
899 2303 1038 2385 quamvis
1056 2303 1275 2367 absurdissima
1299 2326 1365 2367 sen·

245 2416 343 2477 tentia
367 2416 434 2479 erui
456 2422 569 2501 potest,
594 2416 669 2480 haec
685 2439 757 2479 vero
776 2440 816 2480 ne
834 2418 1034 2500 grammatico
1046 2417 1172 2500 quidem
1185 2440 1267 2481 nexu
1279 2441 1364 2503 prae·

246 2527 425 2593 cedentibus
450 2529 610 2592 cohaerere
634 2530 788 2593 videntur.

245 2751 299 2817 Vs.
327 2745 430 2814 1320.
469 2751 598 2824 οἰνάνθας
621 2751 710 2830 γένος
733 2752 871 2830 αμπέλου

464 2865 583 2945 βότρυος
605 2863 689 2929 έλικα
712 2866 899 2930 παυσίπονον.

288 2978 390 3042 Schol.
411 2979 492 3058 παρίι
510 2980 542 3042 τὸ
554 2975 587 3052 ἐξ
599 2978 769 3058 Ὑψιπύλης
781 2979 947 3059 Εὐριπίδου.
961 2979 1074 3043 οίνιίνθα
1085 2978 1184 3060 τρέφει
1196 2980 1256 3043 κτέ.
1271 2979 1308 3042 R.
1319 2977 1358 3044 V.

248 3091 346 3176 (Φέρει
370 3092 464 3155 ceteri
487 3089 570 3170 libri,
594 3090 725 3163 οίνοίνθας
748 3116 781 3155 τε
803 3091 902 3173 τρέφει
926 3091 1061 3155 Tuetncs.
1086 3091 1186 3155 0111.
1210 3092 1292 3174 765).
1314 3091 1362 3155 De

244 3204 335 3266 variis
358 3203 396 3267 dc
421 3204 477 3267 hoc
497 3203 566 3267 loco
586 3204 771 3267 coniecturis
789 3204 850 3266 vid.
869 3203 907 3266 D.
928 3205 965 3267 fr.
987 3206 1048 3267 765
1068 3203 1241 3268 etFritsch.
1255 3227 1282 3267 a.
1295 3204 1326 3267 b.
1339 3205 1360 3269 l.

243 3426 297 3494 Vs.
326 3420 429 3489 1323.
466 3425 634 3505 περίβαλλ’,
660 3421 680 3488 ὦ
703 3424 810 3504 τέκνον,
835 3425 953 3497 ὠλένας.

289 3540 390 3603 Schul.
415 3537 448 3613 ἐξ
471 3537 652 3618 Ὑψιπύλης.
674 3536 720 3601 cf.
745 3538 784 3600 ad
807 3562 850 3602 vs.
878 3541 971 3602 1305.
997 3537 1044 3601 De
1063 3538 1175 3600 illicito
1195 3543 1361 3622 anapaesto

243 3656 276 3717 in
299 3660 398 3716 metro
422 3652 569 3736 glyconec
592 3651 653 3713 vid.
677 3650 776 3714 Koclr.
797 3675 825 3714 a.
845 3652 876 3714 h.
896 3652 927 3730 1.,
949 3652 1004 3733 qui
1022 3673 1142 3714 summo
1155 3650 1362 3734 iureBerglrii

244 3769 453 3832 coniecturam
475 3764 595 3850 probat,
620 3772 690 3850 post
714 3764 822 3838 ὠλένας
845 3765 994 3850 legentis:

465 3879 496 3943 τί
517 3877 564 3954 δίς
587 3883 686 3942 τοῦτον
710 3878 774 3942 πόδ’
799 3879 880 3960 ὁρρῖςι
904 3877 997 3941 Dion.
1022 3878 1082 3957 ὁρῶ.

288 3993 423 4057 Fallitur
452 3999 557 4055 tamen
588 3991 676 4055 Koclr
707 3991 762 4055 ubi
794 3991 832 4054 de
862 3991 919 4054 tali
941 3996 1107 4076 anapaesto
1130 3988 1251 4053 scribit:
1276 3988 1362 4067 „Bei

242 4106 437 4191 „Euripides
460 4106 502 4169 ist·
526 4129 558 4169 er
582 4105 652 4168 sehr
675 4105 780 4188 huufig
806 4104 855 4187 (G.
888 4103 994 4167 Herm.
1020 4103 1068 4168 El.
1093 4102 1190 4166 doctr.
1215 4109 1304 4165 metr.
1330 4124 1360 4186 p.

241 4269 261 4298 ‚,
272 4221 345 4297 538,
366 4218 470 4301 539).”
488 4218 648 4282 Rarissimi
669 4219 751 4281 enirn
772 4224 857 4280 sunt.
873 4215 1053 4281 Occurrunt
1064 4216 1134 4301 Iph.
1147 4215 1240 4279 Taur.
1256 4217 1359 4278 1132:

241 4333 295 4409 ἐμὲ
327 4331 352 4395 δ’
384 4334 474 4396 αὐτοῦ
499 4336 678 4412 προλιποῦσα
702 4329 787 4407 dalea
810 4330 902 4410 ῥοθίοις
925 4329 1067 4402 πλιίταις.
1092 4329 1173 4393 Ibid.
1202 4331 1285 4392 1147
1305 4354 1311 4390 :
1331 4329 1361 4400 ές

242 4446 376 4524 οὶμίλλας
400 4446 537 4526 Χαρίτων,
563 4444 763 4524 οὶβροπλοιίτου
782 4441 835 4524 έριν
856 4445 975 4522 χλιδίις.
998 4445 1069 4508 Hel.
1085 4446 1164 4506 526:
1179 4443 1256 4507 ποδοι
1268 4464 1359 4521 χριμ-
