3218 5370
270 594 334 653 214
677 607 862 651 nrrnnraun
885 608 933 649 111.

291 871 408 933 Insunt
430 869 510 932 libro
533 867 708 931 fabularum
731 869 895 946 nonnulla,
909 892 953 931 ex
974 868 1088 950 quibus
1108 868 1257 951 suspicari
1269 870 1366 952 possis

247 995 319 1036 eum
341 972 491 1054 scriptum
515 993 579 1032 esse
603 993 621 1031 a
643 970 708 1032 viro
733 969 850 1032 Graeco
874 969 1001 1052 linguae
1024 967 1157 1030 Latinae
1182 991 1291 1052 parum
1316 993 1366 1053 pe-

248 1074 317 1149 rito,
348 1095 376 1134 v.
408 1094 434 1134 c.
467 1069 594 1133 verbum
625 1069 906 1147 „eonrmcleloorla”
937 1070 957 1132 i.
988 1092 1014 1131 e.
1040 1074 1179 1146 μελετᾶν,
1203 1069 1263 1131 fab.
1292 1073 1364 1146 165,

248 1181 280 1236 et
308 1175 444 1250 „leonem
473 1172 631 1245 atrotam''‚
654 1169 715 1232 lab.
741 1172 799 1246 303
826 1178 858 1231 at
880 1192 957 1251 quos
980 1169 1157 1231 notavimus
1180 1191 1296 1231 errores
1320 1170 1361 1231 f-

247 1273 338 1337 cilius
362 1271 514 1354 explicare
536 1293 699 1354 possumus
718 1276 890 1332 statuentes
910 1270 1027 1332 Graeca
1047 1268 1084 1331 ab
1098 1269 1222 1332 indocto
1234 1270 1358 1332 homine

247 1395 333 1436 versa
362 1371 411 1433 vel
441 1378 583 1453 excerpta
613 1393 687 1433 esse.
718 1369 939 1454 Interpolatori
970 1370 1113 1446 debetur,
1146 1378 1182 1431 nt
1215 1371 1366 1433 indicavit

247 1473 396 1544 Schmidt,
429 1472 564 1555 ineptior
596 1472 689 1533 etiam
719 1493 803 1533 error
831 1470 890 1532 fab.
917 1474 1000 1533 192:
1028 1474 1088 1547 „ol
1111 1493 1309 1553 conquerere
1333 1477 1368 1533 ile

247 1576 329 1636 clroro
358 1596 486 1634 eororam
513 1574 633 1652 erpolco
664 1570 809 1652 (Electra)
844 1594 969 1633 moerens
999 1573 1106 1633 crinem
1129 1573 1255 1632 solutam
1277 1573 1365 1651 perit.

158 1664 162 1669 ’
247 1697 321 1756 qaae
350 1681 467 1735 cometes
489 1674 667 1752 appellatur,
690 1674 749 1734 rice
772 1674 903 1751 loripedes
929 1671 973 1750 (in
998 1670 1119 1732 Graeco
1143 1670 1222 1732 libro
1246 1672 1366 1748 λογχῶ-

248 1773 299 1845 δης
333 1770 517 1854 legebatur),
551 1773 603 1854 qai
632 1773 664 1831 ic
694 1773 903 1851 longitudinem
931 1772 1115 1850 producitur,
1147 1772 1207 1832 rire
1237 1772 1364 1850 xiphias,

247 1874 318 1956 quio
337 1873 434 1952 pladir'
456 1873 600 1934 mrrcrour'c
623 1871 741 1952 effipiam
762 1870 929 1952 prorlrrrit.''

291 2067 378 2130 Idem
403 2066 629 2129 observandum
652 2074 699 2128 est
722 2065 759 2128 de
782 2066 842 2128 alio
866 2067 920 2148 qui
944 2065 1062 2150 Hygini
1088 2067 1212 2129 nomine
1238 2067 1365 2128 eircum-

247 2169 351 2231 fertur
384 2166 473 2245 libro,
509 2166 634 2229 Poetico
667 2167 891 2229 Astronomico.
923 2165 992 2229 Lib.
1024 2167 1059 2229 Π
1088 2190 1114 2229 o.
1151 2169 1187 2228 18
1220 2174 1364 2228 narratur

247 2267 375 2330 historia
407 2267 656 2350 Bellerophontis
686 2274 717 2329 et
745 2268 873 2330 victoria
901 2290 994 2349 quarn
1019 2291 1035 2329 e
1059 2267 1220 2329 Chimaera
1243 2267 1361 2329 retulit.

247 2366 430 2448 Sequuntur
453 2368 543 2430 haec:
566 2417 586 2444 ‚‚
604 2370 684 2430 Unde
706 2369 798 2431 victor
813 2370 1000 2453 profugiens,
1022 2376 1087 2448 port
1104 2370 1201 2445 fontir
1226 2368 1365 2429 inuentio-

247 2491 336 2546 „ncm
360 2492 424 2531 cum
446 2472 487 2530 ad
507 2471 614 2530 coelom
632 2472 814 2530 contenderet
830 2471 942 2531 evolare
958 2491 1048 2551 neque
1067 2471 1149 2548 louge
1169 2470 1227 2530 iam
1244 2471 1362 2544 ulceret,

247 2570 434 2648 „despiciens
469 2569 500 2630 ia
531 2577 650 2645 terram,
680 2569 779 2631 timore
806 2576 953 2649 permolor
981 2571 1099 2648 decidit,
1130 2570 1223 2651 ibique
1245 2569 1366 2650 periisse

247 2668 395 2745 „diuitum
419 2691 523 2751 equam
545 2676 640 2731 aulem
661 2671 824 2732 subvolasse
846 2677 874 2732 ct
898 2670 975 2732 iuter
997 2671 1093 2732 sidera
1117 2673 1152 2732 ol
1171 2671 1241 2733 Jove
1259 2671 1363 2732 courti-

246 2815 266 2846 „
277 2776 361 2831 tutur
382 2769 599 2831 aristarum-P
619 2769 707 2848 Quae
719 2769 745 2830 si
756 2768 984 2853 perpendimus,
997 2792 1060 2832 nou
1072 2792 1170 2853 pauca
1182 2776 1266 2847 sunt,
1280 2791 1360 2851 qnae

246 2869 411 2931 offendant,
440 2918 459 2946 ‚,
471 2871 573 2952 quar
591 2869 788 2947 raboolocit’';
806 2877 839 2931 at
858 2871 896 2932 de
915 2892 995 2952 eqno
1015 2868 1155 2932 nondum
1174 2892 1273 2932 sermo
1298 2869 1362 2931 lue-

244 2976 301 3032 rat.
321 2969 448 3032 Titulus
466 2991 531 3051 cap.
557 2971 595 3030 18
609 2977 672 3031 est:
688 2970 789 3052 Equus
797 2996 805 3045 ;
819 2977 851 3032 at
864 2991 980 3051 equum
992 2970 1111 3032 alatum
1128 2969 1365 3053 Bellerophonti

244 3070 338 3132 fnisse
363 3069 516 3150 illumque
539 3068 596 3130 hoc
619 3079 699 3150 equo
724 3078 846 3131 vectum
870 3069 965 3133 fnisse
988 3093 1051 3133 non
1071 3077 1269 3133 memoratur.
1290 3069 1359 3131 Imo

244 3192 357 3233 nomen
369 3168 480 3250 Pegasi
491 3169 523 3231 iu
535 3169 644 3252 capitis
656 3177 742 3252 parte
755 3192 833 3252 qnae
850 3170 888 3232 de
903 3170 1142 3255 Bellerophonte
1157 3172 1232 3253 agit,
1246 3170 1362 3232 frustra

245 3291 383 3351 quaeres.
416 3268 488 3330 Alia
517 3277 622 3331 narrat
650 3270 855 3354 scriptor,so.
880 3270 1151 3354 Bellerophontem
1175 3269 1214 3332 ad
1237 3269 1358 3333 coelum

244 3369 437 3432 contendisse
460 3369 579 3431 evolare
602 3378 693 3450 „post
708 3373 813 3455 fontir
832 3371 1055 3434 incentionem?
1075 3373 1118 3433 At
1136 3371 1224 3432 cuius
1242 3369 1361 3432 fontis?

244 3468 361 3546 Fontis,
396 3470 449 3551 qui
480 3470 513 3531 in
542 3468 693 3532 Helicone
724 3470 833 3554 Pegasi
861 3471 981 3554 ungula
1011 3478 1138 3555 apertus
1164 3469 1232 3532 est?
1258 3473 1300 3532 At
1324 3470 1357 3532 in

244 3567 339 3652 Lycia
368 3577 434 3632 erat
462 3569 679 3653 Bellerophon,
706 3566 748 3632 ‘ut
771 3572 836 3654 ipse
858 3574 988 3655 scriptor
1012 3577 1126 3634 monet.
1153 3570 1195 3632 Bt
1218 3569 1294 3653 quid
1320 3592 1366 3632 re·

244 3671 305 3733 lert
329 3692 401 3732 enm
421 3678 487 3750 port
501 3672 606 3754 sontis
629 3671 820 3734 inventionem
842 3671 962 3734 coelum
981 3672 1128 3756 petiisse?
1147 3670 1233 3733 Haeo
1253 3671 1355 3733 omnia

243 3776 308 3832 tarn
339 3769 471 3832 absurda
500 3777 575 3833 sunt
600 3777 635 3832 ut
658 3770 804 3854 explicari
827 3779 995 3853 nequeant.
1022 3771 1173 3834 Welcher.
1200 3770 1252 3833 Gr.
1278 3777 1357 3852 trag.

243 3870 279 3933 Π
313 3894 342 3954 p.
377 3874 456 3935 787:
479 3870 637 3948 „Dunkel
660 3871 701 3934 ist
722 3870 826 3954 Hygin
851 3871 871 3933 l.
895 3872 915 3934 l.
942 3871 1032 3935 Unde
1057 3872 1154 3934 victor
1177 3871 1357 3955 profugiens

242 3979 343 4055 „post
374 3971 469 4034 fontis
499 3971 710 4033 inventionem
740 3979 797 4033 cet.
822 3971 864 4033 Es
888 3972 1008 4034 scheint
1031 3970 1103 4033 aber
1126 3971 1209 4034 diese
1233 3971 1289 4034 auf
1310 3972 1359 4034 ein

241 4070 512 4148 „Katasterismos
535 4071 755 4153 eiugerichtete
779 4071 871 4134 Form
897 4071 950 4134 der
973 4072 1152 4155 Brathlnng
1176 4072 1272 4134 sehon
1295 4072 1359 4134 die·

242 4169 355 4248 „solbe
385 4171 494 4234 elende
524 4171 682 4255 Allegorie
712 4193 751 4233 nu
775 4170 927 4254 befolgen,
952 4171 1075 4234 wonach
1100 4171 1148 4234 hei
1172 4171 1358 4254 Fulgentius

241 4270 326 4348 „III
354 4274 369 4331 l
394 4270 531 4355 Pegasus
553 4271 620 4335 fons
644 4278 788 4334 aeternus
811 4273 851 4335 ist
859 4298 867 4349 ;
892 4271 1048 4355 Sapientia
1071 4273 1153 4335 enim
1174 4272 1271 4334 bonae
1291 4295 1360 4335 con-

240 4372 452 4451 „sultationis
475 4380 619 4435 aeternus
642 4371 711 4435 fons
735 4373 813 4435 est.'’
