3218 5370
741 611 813 654 111.
1275 596 1314 659 71

151 865 153 868 Υ
260 778 413 858 Queritur
436 778 519 840 enim
542 778 578 840 B.
603 799 634 841 se
653 777 778 840 laudem
799 777 858 842 sibi
878 800 940 841 non
960 778 1120 861 collegisse
1139 801 1241 861 neque
1253 802 1339 865 prae-

216 891 279 952 mia
292 884 413 954 'tulisse
434 891 572 953 virtutis.

258 1001 383 1067 Decidit
407 1025 444 1066 er
467 1023 547 1084 equo
570 1001 789 1086 Bellerophon.
814 1003 852 1068 ln
875 1026 998 1067 scenam
1022 1005 1136 1089 prodit,
1161 1005 1210 1068 vel
1234 1006 1339 1089 potius

213 1115 323 1192 fertur,
355 1115 485 1178 sordidis
515 1113 660 1191 vestibus,
685 1114 826 1192 claudus,
852 1116 928 1178 Ach.
954 1119 1029 1195 426,
1055 1123 1086 1179 et
1109 1117 1191 1180 mala
1215 1118 1337 1181 fortiter

214 1248 376 1311 perpessus
399 1225 581 1290 vulneribus
607 1227 748 1290 moritur.

258 1339 328 1402 Alia
351 1345 456 1401 narrat
480 1338 625 1423 Hyginus
647 1338 707 1402 fab.
735 1342 773 1404 57
798 1341 918 1415 „Heme
941 1340 1147 1427 (chimaeram)
1173 1365 1260 1422 saper
1280 1343 1337 1406 Pe·

214 1476 340 1533 „yerum
368 1456 468 1515 sedeas
500 1453 654 1536 interfecit
685 1459 714 1514 et
742 1453 881 1515 decidisse
903 1454 1014 1516 dieitur
1038 1455 1070 1514 im
1093 1470 1206 1535 caespes
1228 1456 1336 1534 Aleios,

212 1571 318 1645 „maele
343 1566 433 1628 etiem
457 1589 542 1628 emma
564 1566 679 1628 eiecisse
701 1565 821 1629 dieitur.
847 1568 888 1628 At
912 1588 962 1627 ma
982 1566 1107 1628 virtutes
1126 1565 1189 1628 eius
1208 1568 1336 1630 leudem

212 1681 366 1756 „alteram
393 1679 493 1762 filiam
516 1678 596 1741 dedit
619 1678 647 1739 ei
670 1679 701 1739 ia
729 1677 955 1759 matrimonium.
981 1678 1155 1741 Stheneboea
1178 1701 1209 1741 re
1230 1680 1337 1743 audito

213 1793 308 1873 ‚jesa
331 1815 361 1854 se
384 1792 569 1876 interjecit.”
594 1788 712 1853 Verum
736 1790 809 1852 haec
832 1789 1034 1874 Euripideum
1059 1791 1249 1874 tragoediam
1273 1814 1336 1854 non

212 1911 354 1988 spectant
385 1927 486 1987 neque
516 1905 599 1967 inter
622 1927 653 1966 se
678 1903 841 1975 cohaerent
854 1901 886 1985 1).
913 1902 1002 1965 Duae
1028 1903 1211 1966 coaluerunt
1234 1926 1336 1967 narra-

213 2019 324 2094 tiones,
355 2018 452 2080 altera
483 2017 765 2100 Bellerophontem,
790 2016 919 2078 victoria
941 2024 1109 2100 reportata,
1133 2017 1229 2078 filiam
1254 2017 1336 2100 regis

214 2153 342 2194 uxorem
368 2129 501 2209 duxisse,
526 2130 624 2193 altera
646 2128 779 2192 eundem
805 2152 821 2191 e
845 2127 963 2212 Pegaso
988 2129 1019 2191 in
1041 2135 1154 2192 terram
1174 2129 1334 2192 decidisse.

213 2243 315 2307 Verba
338 2253 367 2307 el
390 2246 530 2307 decidisse
552 2281 594 2290 ——
620 2244 733 2306 dieitur
757 2241 890 2305 seclusit·
906 2240 1024 2325 Lange.
1050 2241 1097 2304 De
1122 2242 1240 2325 origine
1256 2241 1336 2315 ¹miri

213 2355 301 2418 illius
326 2379 411 2418 eomes
435 2356 550 2419 eiecisse
572 2354 633 2417 vid.
658 2354 854 2438 Epimetrum
879 2352 943 2416 ΠΙ.

257 2465 470 2531 Stheneboeae
493 2467 527 2529 in
551 2466 609 2529 hae
632 2467 791 2549 tragoedia
814 2471 917 2550 partes
940 2464 1047 2527 nullae
1071 2465 1210 2528 fuerunt.
1235 2464 1334 2548 Dege-

212 2578 266 2642 bat
299 2579 354 2642 illa
384 2578 544 2663 Tirynthe,
575 2577 781 2662 Bellerophon
811 2578 843 2640 in
874 2576 978 2661 Lycia.
1013 2576 1086 2640 Sine
1109 2576 1205 2640 dubio
1228 2584 1334 2640 tamen

211 2691 405 2767 insidiarum,
438 2714 517 2774 qnae
548 2692 594 2754 illi
625 2696 790 2768 struxerat,
816 2691 932 2753 mentio
956 2691 1038 2752 facta
1061 2697 1118 2767 est,
1144 2690 1181 2752 cf.
1207 2689 1244 2753 fr.
1270 2693 1332 2753 290

211 2810 242 2866 et
266 2826 345 2886 quae
369 2804 515 2866 annotavi
539 2805 577 2867 ad
601 2803 679 2867 Pmn.
707 2806 801 2866 1051.

255 2914 322 2977 Iam
346 2916 385 2979 de
409 2917 536 3000 parodia
560 2903 727 2979 videamus.
752 2915 1025 2999 Bellerophontem
1051 2916 1181 2995 παρῳδεῑ
1197 2915 1333 2978 comicus

209 3050 339 3112 persona
370 3028 509 3112 Trygaei.
543 3027 628 3091 Huic
658 3035 704 3092 est
728 3027 908 3092 scarabaeus
933 3028 1092 3090 Aetnaeus
1115 3027 1163 3111 (de
1186 3049 1249 3109 quo
1272 3027 1333 3090 iam

178 3164 180 3168 ⁸
210 3140 393 3224 Aeschylus
425 3141 461 3204 11.
496 3145 557 3203 229
590 3142 631 3204 N.
662 3144 724 3204 232
758 3141 808 3218 1).;
840 3140 1015 3225 Sophocles,
1047 3141 1084 3203 fr.
1113 3143 1174 3203 166
1198 3140 1239 3204 Ν.
1266 3141 1328 3205 173

209 3244 260 3330 DJ,
299 3254 382 3336 quod
417 3261 521 3317 tamen
553 3277 629 3317 num
661 3253 821 3338 Sophoclis
852 3255 892 3316 sit
922 3252 1047 3316 dubitat
1079 3252 1191 3316 Nauck
1202 3280 1211 3329 3
1242 3251 1333 3319 Plato

210 3387 287 3428 com.
323 3366 360 3428 11.
393 3365 490 3430 Mein.
523 3365 559 3428 Π
590 3389 619 3450 p.
654 3369 728 3450 624)
754 3389 847 3449 quern
871 3365 1079 3446 iaaesdadxpm
1103 3373 1191 3429 vocat
1215 3364 1334 3428 Aristo·

208 3475 337 3561 phanes,
361 3500 475 3545 novum
498 3479 616 3562 fingens
640 3485 813 3542 monstrum
838 3479 876 3541 ad
900 3475 1329 3551 1101111111ξουθοῦὶππκλέκ-

208 3611 286 3668 rapae
310 3588 466 3673 Aeschyli.

255 3698 398 3783 1116158.
489 3697 509 3765 ὦ
534 3709 599 3776 Ζεῦ,
625 3703 656 3768 τί
676 3726 747 3767 ποτε
770 3702 901 3781 βουλεύει
923 3710 1031 3778 mereim

297 3817 329 3875 et
354 3815 394 3874 62
486 3810 507 3876 ὦ
533 3819 598 3893 Ζεῦ,
625 3816 656 3879 m‘
677 3816 811 3895 δρασείεις
834 3817 898 3879 ποθ’
920 3815 1001 3892 ἡμῶν
1025 3817 1073 3879 τὸν
1096 3816 1185 3890 nerim

240 4034 257 4095 ¹)
275 4034 374 4082 Similia
399 4034 480 4083 Schol.
503 4035 534 4084 11.
558 4036 592 4084 VI
610 4037 657 4085 155
675 4034 838 4097 timerem...
858 4038 898 4084 τᾶν
919 4035 944 4084 δὲ
965 4037 1012 4085 Δία
1028 4037 1161 4098 μηνίσαντα
1181 4035 1270 4096 οἶστρον
1287 4034 1330 4096 ἒμ-

205 4126 289 4184 (iatam
313 4130 347 4186 τῷ
371 4126 483 4187 Πηγάσῳ
507 4125 569 4173 ὥστε
586 4100 693 4174 {iaceam
710 4127 753 4186 μὲν
771 4128 811 4174 τᾶν
831 4134 852 4175 B.
872 4125 914 4174 sai
931 4128 1102 4186 κατενεχ1ἴςναι
1121 4126 1153 4183 εἷς
1171 4129 1198 4174 τᾶ
1216 4130 1259 4183 τῆς
1277 4133 1329 4174 Λν-

205 4215 257 4270 κίοις
281 4213 368 4271 πεδίον,
394 4218 422 4263 τᾶ
440 4216 484 4263 ἀπ’
507 4215 582 4264 alem
603 4214 747 4276 κκλοόμενον
771 4214 869 4272 Ἀλήϊον
894 4215 979 4273 πεδίον,
1004 4217 1109 4265 ἄλέσθαι
1132 4215 1157 4264 δὲ
1175 4218 1239 4264 κατὰ
1256 4219 1329 4264 τοῦτο

205 4303 344 4362 anamiim.
368 4307 402 4353 nt
424 4305 641 4370 Bellerophontem
659 4307 819 4371 Euripideum
837 4324 886 4355 uon
905 4307 931 4355 in
948 4323 1033 4371 campo
1054 4307 1125 4356 Aleio
1146 4323 1242 4356 errasse
1261 4323 1332 4371 apps-

203 4399 241 4442 ret
262 4411 274 4442 e
293 4394 322 4442 fr.
342 4395 398 4443 312.
