3218 5370
730 599 819 642 Aves

216 781 270 845 Vs.
297 772 377 841 829.
413 776 464 842 acal
489 782 550 849 πῶς
573 776 609 840 ίον
632 775 674 840 ἔπι
696 776 799 854 γένοιτ’
824 775 860 840 ίον
882 776 1022 848 εὕτκκτος
1047 776 1140 849 πόλις,

416 890 486 955 ὅπου
510 891 579 963 θεὸς,
600 890 673 967 γυνὴ
699 897 847 967 γεγονυῖαι,
871 890 1038 955 πανοπλίαν

415 1004 514 1078 ἕοπκκ’
539 1002 661 1083 ἔχουσιν,
687 1003 856 1078 Κλεισθένης
881 1004 912 1067 δὲ
935 1004 1072 1084 κερκίδοο;

263 1169 418 1253 Sagaciter
449 1173 486 1230 51
517 1167 596 1231 55151
628 1165 768 1229 Fritsche
803 1166 886 1247 (Act.
919 1164 985 1230 Soc.
1018 1163 1071 1228 Gr.
1102 1165 1173 1251 lp.
1200 1169 1262 1228 144
1287 1188 1335 1251 ap.

219 1282 341 1346 Welck.
366 1281 401 1344 ΙΙ
424 1303 454 1364 p.
482 1281 555 1362 755)
579 1279 710 1342 coniecit
734 1279 790 1341 hos
813 1301 919 1368 versus
938 1279 1097 1363 parodiam
1118 1278 1338 1343 exliiberever·

218 1397 328 1460 borum
359 1394 519 1479 Euripidis
552 1417 568 1456 e
599 1393 757 1475 Meleagro
788 1390 903 1475 quibus
933 1392 1007 1455 olim
1030 1392 1063 1455 in
1086 1393 1246 1475 tragoedia
1270 1416 1339 1456 555-

218 1510 363 1573 iunctum
393 1508 504 1570 fuisset
534 1506 571 1568 15.
599 1508 671 1568 526.
697 1504 843 1567 Wclcker
867 1505 1003 1588 primum
1026 1511 1152 1567 tantum
1175 1519 1297 1569 versum
1322 1529 1339 1569 e

219 1622 378 1705 Meleagro
402 1626 541 1684 sumtum
565 1626 596 1681 et
620 1619 793 1701 fragmento
820 1620 881 1679 526
903 1612 1164 1701 praemittendum
1184 1641 1249 1682 esse
1270 1641 1340 1682 con·

219 1735 331 1799 tendit.
363 1734 406 1796 At
437 1734 493 1796 hac
523 1733 701 1796 coniectura
732 1755 794 1795 555
826 1754 903 1825 opus
926 1740 981 1795 est.
1006 1731 1148 1796 Fortasse
1172 1756 1243 1796 cuin
1266 1733 1341 1797 haec
1414 1780 1418 1787 -

219 1849 342 1933 scripsit
372 1847 595 1931 Aristophanes
625 1844 844 1909 recordabatur
875 1867 981 1908 versus
1005 1844 1174 1930 Sophoclis,
1199 1846 1237 1909 fr.
1263 1849 1337 1926 666,

219 1963 250 2025 οὐ
274 1960 331 2041 γοίρ
354 1960 419 2024 ποτ’
444 1958 480 2024 ίον
505 1957 609 2036 γίνοιτ’
632 1957 668 2022 ίον
688 1949 948 2039 νὶοφοολίρςπίλις,
969 1964 1025 2020 aut
1042 1956 1213 2043 Euripidis,
1228 1959 1338 2044 Suppl.

221 2074 295 2154 447,
319 2077 380 2146 πῶς
404 2066 449 2137 οὖν
468 2070 509 2136 ἔπ’
533 2071 569 2136 ίον
593 2071 696 2149 γίνοιτ’
721 2070 758 2135 ίον
782 2071 890 2152 ἰσχυροὶ
912 2071 1013 2147 πόλιες

221 2356 276 2421 Vs.
302 2349 383 2418 842.
420 2357 624 2438 κωδωνοφορῶν
647 2356 807 2437 περίτρεχε.

266 2495 369 2559 Schol.
402 2495 519 2572 μήποτε
549 2493 579 2558 δὲ
607 2495 826 2576 ποοροοκωροῳδεῑ
845 2495 894 2558 τὸν
916 2494 1073 2575 Εὐριπίδου
1098 2496 1287 2573 Ποιλοορονίδνν
1309 2499 1340 2562 οὐ

221 2608 273 2688 πρὸ
301 2612 411 2685 πολλοῦ
434 2607 649 2684 δεδιδαγμένον.
674 2606 714 2670 15
739 2607 905 2670 Palamede
929 2607 1046 2671 mentio
1069 2607 1341 2674 1151151πινῶνπε-

220 2719 406 2801 ριπολούνποον
436 2720 487 2782 σὺν
518 2720 627 2783 κώδωσι
651 2727 704 2793 τῆς
728 2720 837 2792 νυκτός,
863 2727 900 2782 51
923 2720 1014 2783 docet
1037 2719 1265 2805 Harpocration
1289 2745 1338 2807 ap.

223 2832 318 2896 Dind.
341 2832 418 2896 Eur.
442 2832 479 2895 fr.
506 2835 579 2895 592.

223 3103 277 3168 Vs.
303 3097 383 3166 851.
653 3103 796 3183 ὁμορροθῶ,
822 3100 955 3177 ξυνθὲλω.

267 3242 384 3306 Insunt
414 3240 487 3304 huic
519 3240 693 3303 comoediae
724 3241 859 3304 carmina
889 3241 1009 3304 chorica
1042 3264 1121 3324 quae
1152 3244 1344 3326 tragoediam

224 3356 361 3440 sapiunt,
386 3378 414 3418 v.
440 3377 464 3417 c.
490 3357 547 3417 451
578 3376 654 3437 555,
679 3376 758 3437 quae
781 3361 887 3417 tamen
910 3377 948 3417 ao
973 3378 1077 3418 revera
1097 3357 1256 3440 parodiam
1277 3379 1345 3420 con-

223 3471 346 3532 tineant
376 3468 549 3531 diiudicare
578 3490 641 3531 non
673 3490 848 3551 possumus.
882 3466 1000 3530 Verum
1025 3469 1063 3531 ad
1085 3493 1128 3531 vs.
1154 3472 1214 3532 851
1242 3469 1343 3533 Schol.

224 3582 376 3661 ὁμορροθῶε
412 3579 597 3661 Σοφοκλέους
630 3582 663 3644 ἐκ
695 3579 815 3654 Πηλέως
847 3587 878 3643 51
908 3580 947 3643 ad
979 3604 1022 3645 vs.
1050 3582 1111 3644 857
1137 3582 1246 3654 Πυθιοίς
1270 3582 1344 3659 daal:

224 3693 276 3758 κοοί
301 3699 385 3758 τοῦτο
409 3694 439 3758 δὲ
462 3696 495 3758 ἐκ
519 3693 646 3768 Πηλέως.
673 3691 724 3757 Fr.
749 3696 812 3755 446
838 3692 891 3773 Ν.,
916 3696 980 3757 435
1006 3694 1044 3758 1).
1067 3694 1153 3774 Quid
1172 3719 1188 3758 e
1209 3719 1267 3759 555.
1282 3698 1345 3758 852

225 3829 291 3891 sqq.
324 3806 485 3892 Sophoclis
516 3807 611 3879 fuerit
633 3830 696 3870 non
719 3807 829 3890 liquet.
855 3808 944 3888 Quae
968 3806 1131 3892 subiungit
1154 3816 1245 3893 poeta
1268 3833 1345 3887 συρο-

225 3919 403 4000 ποοροοινίοοος
424 3917 487 4020 ἔχον
512 3918 681 4004 Sophoclea
705 3942 769 3983 esse
790 3926 930 4003 possunt,
950 3942 1013 3983 555
1034 3926 1137 3983 tamen
1154 3920 1213 3983 hoc
1224 3921 1346 3984 schema

226 4033 321 4096 unius
352 4032 510 4116 Sophoclis
541 4033 702 4117 proprium
731 4039 790 4112 est,
816 4033 854 4096 cf.
879 4033 956 4095 Eur.
982 4033 1104 4096 Heracl.
1129 4036 1203 4113 436,
1230 4033 1344 4098 Troad.

228 4147 324 4222 1150,
349 4151 430 4208 etv.
456 4145 558 4209 Herw.
583 4145 623 4208 ad
648 4143 717 4208 Ion.
743 4147 817 4208 230.

270 4256 325 4321 Vs.
357 4260 420 4320 865
452 4256 574 4336 εὔχεσθε
606 4257 638 4321 δὲ
669 4257 775 4340 ‘Eorta
799 4257 859 4321 κτὲ.
885 4255 1017 4322 Parodia
1040 4265 1087 4322 est
1110 4281 1247 4343 precum,
1271 4281 1348 4343 quas

224 4370 332 4435 Ionica
354 4371 488 4435 dialecto
512 4369 685 4434 recitabant
709 4371 924 4435 sacrificaturi.
