3218 5370
672 598 871 643 nrsrsrnrrm.
1247 584 1309 644 103

256 761 382 826 Confert
404 762 516 826 Nauck
534 763 643 845 fragm.
665 762 757 848 Soph.
781 766 843 826 860
864 763 917 844 N„
938 768 1000 827 682
1021 764 1079 828 D.:
1101 765 1230 837 θςούδίν
1243 767 1332 843 ἕσμεν

138 930 139 934 ,
211 874 289 946 τλην
312 882 411 947 σκιαῖς
433 874 564 946 ἐοικότες.
589 876 632 938 At
657 876 748 939 nimis
771 900 788 940 a
811 876 912 940 verbis
936 878 1154 962 Aristophanis
1171 879 1333 963 discrepat.

138 1076 141 1081 .
211 1095 265 1160 Vs.
295 1090 372 1159 155.
409 1098 504 1175 θχῶν
528 1097 680 1170 Μενέλαος
703 1101 758 1170 τοῖς
784 1098 908 1170 Ἑλένας
931 1097 972 1161 τοὶ
996 1097 1085 1175 μοῖλοί
1109 1122 1153 1161 τα

410 1216 529 1288 γυμνοῖς
552 1212 703 1290 παραϊδὼν
726 1209 859 1289 ἐξέβαλ’,
883 1213 938 1289 otc,
963 1213 995 1274 τὸ
1018 1209 1112 1291 ξίφος.

256 1324 332 1388 Rav.
368 1349 414 1389 το.
447 1348 475 1387 v.
507 1323 610 1387 Herw.
643 1325 732 1389 stud.
767 1325 843 1389 Crit.
875 1349 905 1410 p.
932 1328 990 1388 66:
1015 1325 1028 1387 ὁ
1051 1329 1111 1402 χῶν
1133 1323 1270 1396 Μενέλας
1295 1324 1335 1387 τοὶ

214 1443 302 1514 μοῖλα
325 1441 381 1509 τοῖς
405 1437 528 1509 Ἑλένας
552 1437 638 1502 τοκοί.

258 1549 459 1613 Notissimam
490 1550 571 1613 hanc
600 1551 760 1614 historiam
784 1552 879 1614 fuisse
901 1556 1031 1635 apparet
1053 1573 1069 1613 e
1092 1549 1193 1613 verbis
1218 1551 1336 1612 Aristo·

212 1662 334 1746 phanis,
366 1666 405 1726 of.
438 1661 530 1747 Vesp.
566 1663 638 1742 714,
671 1670 703 1726 et
733 1686 842 1726 evase
865 1662 953 1725 fictili
977 1663 1009 1725 in
1033 1685 1096 1745 qno
1120 1663 1235 1746 depicti
1259 1669 1334 1750 sunt

214 1774 334 1837 Helena
357 1780 388 1837 et
411 1774 576 1838 Menelaus
599 1777 654 1859 qui
677 1799 780 1841 ensem
805 1799 821 1839 e
845 1798 941 1839 rnanu
964 1776 1070 1853 abicit,
1095 1776 1156 1838 vid.
1178 1774 1331 1839 Lnbkeu.

120 1978 121 1981 Ἴ
213 1885 336 1972 Caspar.
367 1886 556 1952 Denkmtlcr
587 1889 641 1952 der
671 1890 787 1968 Kunst,
819 1889 855 1953 B.
880 1889 945 1953 Tar.
971 1889 1019 1953 IX
1041 1892 1086 1953 n0.
1113 1892 1142 1953 8.
1169 1889 1271 1969 Quam
1295 1888 1334 1952 ob

213 2022 338 2063 causam
366 2007 491 2085 poetam
519 2025 583 2065 non
612 2002 688 2066 Eur.
720 2003 817 2067 Andr.
845 2007 907 2066 628
931 2003 1099 2087 respexisse
1122 2004 1239 2087 opinor,
1263 2002 1334 2065 ἀλλ’

214 2114 250 2184 ὥς
288 2114 401 2184 ἐσεῖδες
438 2114 564 2194 μαστὸν,
598 2116 733 2192 ἐκβαλὼν
764 2113 849 2196 ξίφος
870 2116 874 2203 θ
894 2115 1006 2194 Φίλημ’
1038 2113 1134 2188 ἐδέξω,
1168 2115 1220 2177 sed
1251 2113 1338 2178 aliud

216 2248 324 2310 poema
350 2227 384 2289 in
408 2227 471 2310 quo
494 2228 602 2291 sedulo
625 2237 657 2292 et
680 2229 807 2292 uberius
827 2229 882 2292 hac
902 2230 940 2292 de
957 2251 990 2292 re
1011 2236 1116 2292 actum
1129 2234 1218 2291 esset.
1233 2227 1335 2292 Schol.

220 2343 235 2412 η
266 2340 374 2420 ἱστορία
404 2340 485 2421 ταρθι
514 2342 633 2421 Ἰβθκςκ
667 2342 707 2406 τα
730 2342 761 2406 δὲ
783 2342 863 2406 αὐτοὶ
886 2341 938 2406 καί
961 2342 1086 2421 Λέσχης
1111 2341 1123 2405 θ
1146 2349 1285 2422 Πυρραῖος
1309 2343 1337 2406 ἕν

140 2528 143 2533 y
215 2461 251 2532 τῇ
285 2459 374 2535 μικρρί
405 2454 518 2518 Ἰλιοίδι.
551 2453 650 2518 Schol.
684 2453 776 2539 Vesp.
803 2455 883 2518 713:
908 2457 924 2527 η
949 2453 979 2519 δὲ
1003 2455 1111 2535 ἱστορία
1135 2455 1204 2535 παρ’
1229 2454 1335 2535 Ἰβθκιρ

213 2564 264 2629 καί
288 2567 442 2647 Εὐριπίδη.
468 2566 513 2630 Of.
537 2568 734 2652 Epimetrum
757 2568 802 2631 Π.

218 2788 267 2853 Vs.
294 2783 373 2852 188.
410 2790 449 2861 εἷς
472 2790 588 2863 ιἰστίδ’,
613 2788 706 2871 ίίστερ
730 2788 825 2870 Φασίν
848 2789 1000 2869 Αἰσχύλος
1023 2790 1104 2867 τοτὲ,

416 2902 684 2983 μηλοσφαγούσας.

260 3015 298 3079 V.
324 3016 426 3080 Herw.
453 3015 545 3097 ὥσπερ
565 3015 702 3097 ἔφρασεν.
724 3015 827 3079 Verba
847 3017 992 3101 Aeschyli
1011 3017 1161 3099 leguntur
1178 3014 1263 3100 Sept.
1277 3018 1336 3078 43:

213 3134 489 3209 ταυροσφαγοῦντες
502 3130 531 3201 ἐς
544 3129 721 3207 μελοίνδετον
734 3131 832 3202 σοίκος,
846 3129 900 3193 ubi
913 3134 1180 3210 μηλοσφαγοῦντες
1192 3153 1220 3192 v.
1231 3128 1334 3192 Herw.

215 3351 268 3416 Vs.
295 3344 374 3412 253.
733 3348 832 3422 σίλλοις
856 3349 974 3430 χαρίεν

414 3462 532 3542 ίιμαχοι
555 3470 691 3541 γυναῖκες
714 3462 765 3527 καί
789 3463 893 3545 μιαραὶ
917 3463 1073 3544 κεκλῄμεθ’
1103 3462 1147 3527 θον.

259 3576 380 3639 Similia
402 3598 445 3639 vs.
471 3578 557 3638 1014
580 3576 659 3640 οὐδέν
682 3578 743 3640 ε’στι
767 3577 854 3657 θηρίον
873 3579 1009 3654 γυναικὸς
1032 3576 1229 3655 ἀμαχώτερον
1250 3573 1254 3662 Ι
1276 3576 1339 3639 οὐδὲ

125 3718 129 3731 ¹
215 3694 281 3769 τῦρ,
306 3690 366 3753 οὐδ’
390 3685 438 3753 ὧδ’
466 3689 587 3761 νίναιδης
610 3690 733 3767 οὐδεμία
757 3691 903 3770 τίρδαλις.
929 3690 981 3752 An
1006 3689 1144 3774 epitheta
1167 3687 1286 3768 ίιμαχοι
1305 3694 1337 3751 et

214 3800 319 3883 μιαραὶ
348 3825 385 3865 ex
408 3802 513 3884 aliquo
535 3809 678 3885 poemate
701 3802 845 3865 attulerit
869 3803 924 3865 Ar.
949 3824 1012 3865 non
1035 3807 1132 3886 patet.
1157 3800 1337 3886 Comparari

213 3922 345 4002 possunt
367 3916 443 3979 Eur.
468 3917 505 3980 lr.
534 3919 596 3979 548
618 3924 650 3980 et
667 3920 741 3979 432.
762 3916 880 3981 Eadem
901 3917 1059 3980 sententia
1071 3915 1189 4000 legitur
1202 3938 1246 3979 vs.
1261 3917 1335 3979 369.

214 4139 268 4205 Vs.
294 4133 375 4202 369.
411 4141 463 4203 οὐκ
485 4137 546 4202 ἔτι)
570 4139 640 4218 σίνηρ
664 4139 822 4220 Εὐριτίδον
845 4140 1006 4220 σοφώτερος
1029 4138 1160 4212 τοιητης·

414 4252 491 4317 οὐδὲν
515 4254 571 4331 χθιρ
595 4249 646 4315 ὡδί
670 4250 775 4331 θρέμμ’
804 4251 920 4324 νὀναιδὲς
943 4253 1020 4314 ἐστιν
1044 4252 1080 4323 ὡς
1103 4258 1251 4328 γυναῖκες.

215 4364 279 4445 ubi,
304 4371 342 4428 ut
364 4366 426 4428 iam
449 4364 605 4428 intellexit
627 4364 740 4446 Finger,
765 4387 828 4428 non
847 4386 925 4449 opus
945 4369 993 4427 est
1012 4368 1149 4426 statuere
1170 4361 1337 4446 ipseEuri-
