3218 5370
280 619 342 680 998
696 636 881 682 uniuersum
903 639 940 682 11.

303 925 332 986 3.
358 923 506 1007 Superest
537 930 575 986 ut
605 946 711 986 versus
742 924 824 987 inter
855 947 887 988 se
911 946 1121 1007 comparemus
1144 923 1176 987 in
1200 922 1375 1006 quibusda

256 1022 401 1087 incendio
424 1023 534 1087 Troiae
557 1024 671 1107 agitur.

301 1121 369 1185 Iam
400 1123 491 1187 initio
514 1125 691 1207 tragoediae
714 1123 789 1188 urbs
812 1123 918 1188 ardet:
943 1127 961 1187 8
986 1123 1066 1187 πόλει
1091 1121 1108 1194 ἣ
1132 1127 1179 1186 νῦν
1203 1128 1377 1197 καπνοῦται,

260 1225 300 1286 60
336 1224 375 1295 εἰς
410 1218 499 1288 οἶκτον
532 1219 615 1297 ἦλθες
647 1223 713 1306 πυρὶ
743 1225 1003 1305 κατῃθαλωμένης,
1036 1226 1099 1288 115
1124 1224 1252 1305 τύφεται
1276 1222 1377 1297 Ἴλιον,

260 1325 322 1386 586
356 1323 458 1398 πόλεος
487 1323 508 1388 al
538 1330 711 1405 καπνοῦται,
737 1328 800 1388 895
824 1326 844 1389 οἱ
868 1325 900 1389 δέ
922 1350 955 1389 σε
979 1325 1140 1403 γειναμένα
1164 1324 1230 1406 aopi
1255 1325 1378 1389 δαίεται.

259 1426 344 1488 1079
369 1426 447 1502 ε’μοῖς
471 1424 574 1497 πόλεος
596 1426 738 1504 ὀλομένας
759 1424 764 1515 Ι
784 1424 820 1491 ἂν
845 1427 931 1507 πυρὸς
950 1425 1090 1504 αἰθομένα
1112 1425 1272 1490 κατέλυσεν
1292 1424 1378 1506 ὅρμοέ.

302 1523 396 1588 Hisce
431 1548 579 1610 compone
614 1549 692 1610 quae
726 1527 876 1610 leguntur
909 1529 994 1590 1956
1027 1548 1093 1610 sqq.
1125 1525 1208 1590 Novi
1239 1527 1315 1609 quid
1348 1533 1379 1590 et

258 1624 394 1688 inauditi
417 1627 542 1709 reginae
565 1628 663 1692 oculis
687 1627 841 1692 obicitur:

439 1750 520 1822 τίνας
567 1800 961 1816 ........

357 1919 359 1924 ,
437 1850 549 1914 λεύσσω
573 1851 708 1933 Φλομέας
730 1853 845 1917 δαλοῖσι
868 1851 960 1932 χέρας

438 1951 650 2031 διερέσσοντας;
675 1952 778 2030 μέλλει
802 1954 893 2036 Τροία

437 2052 531 2114 καινέν
553 2077 581 2116 τι
604 2055 693 2118 κακὸν
715 2053 908 2135 προσέσεσθαι.

308 2175 492 2241 Adveniunt
513 2179 637 2256 milites,
662 2181 808 2243 mandata
831 2186 1055 2263 exsequuntur,
1081 2185 1112 2242 et
1135 2201 1219 2242 nuno
1242 2179 1381 2242 nondum

262 2276 420 2341 incensam
452 2278 561 2343 urbem
591 2280 673 2364 ignis
701 2287 810 2360 vastat,
833 2303 891 2344 vss.
919 2283 1013 2358 1979,
1041 2282 1136 2360 1996,
1164 2282 1258 2359 1318,
1284 2281 1381 2357 1390,

264 2380 359 2441 1895.
383 2378 500 2443 Rerum
523 2381 702 2444 testimonia
725 2382 850 2445 adsunt.
869 2381 956 2444 Talia
976 2402 1077 2463 neque
1096 2381 1262 2465 Euripides
1279 2402 1382 2464 neque

261 2478 342 2542 alius
363 2485 455 2563 poeta
478 2503 551 2544 sana
574 2490 679 2545 mente
702 2483 860 2566 praeditus
885 2483 1071 2565 coniungere
1094 2483 1210 2567 potuit.

307 2579 375 2642 Iam
409 2581 474 2644 dixi
503 2581 587 2664 quod
618 2583 729 2646 sentio.
760 2582 849 2647 Duae
879 2583 1055 2667 tragoediae
1084 2583 1117 2647 in
1141 2606 1236 2648 unam
1261 2583 1382 2647 coalue-

262 2686 347 2759 runt,
380 2680 401 2743 i.
431 2704 457 2744 e.
488 2680 526 2744 ab
557 2683 662 2766 aliquo
692 2683 885 2748 diasceuasta
915 2690 1062 2748 consutae
1093 2691 1177 2765 sunt,
1210 2684 1293 2769 quod
1317 2686 1379 2747 iam

263 2781 488 2864 antiquissimis
510 2784 701 2868 temporibus
723 2784 840 2848 factum
863 2808 928 2849 esse
951 2808 1076 2849 necesse
1101 2793 1157 2850 est.

205 2869 209 2874 ¹
308 2882 380 2946 Sine
403 2881 498 2945 dubio
520 2882 578 2946 ills
594 2884 729 2968 plurima
749 2886 884 2948 mutavit
903 2892 940 2949 ut
957 2886 1086 2951 disiecta
1097 2885 1274 2950 fabularum
1288 2908 1382 2949 mem-

263 2982 318 3047 bra
337 2988 498 3066 utcunque
518 2990 723 3063 connecteret,
743 2985 909 3069 prologum
929 2986 1057 3051 fortasse
1070 2993 1101 3050 et
1113 3010 1171 3051 vss.
1186 2988 1381 3064 sao-8835

265 3090 348 3147 certa
381 3106 453 3146 vero
483 3084 558 3147 haec
586 3083 747 3149 videntur:
778 3085 805 3148 Ι.
835 3084 876 3149 In
905 3088 1042 3169 genuino
1067 3086 1219 3151 Troadum
1244 3087 1383 3151 dramate

264 3208 328 3250 non
350 3185 537 3269 legebantur
560 3208 617 3249 vss
645 3189 729 3249 1956
750 3209 849 3269 usque
869 3187 908 3251 ad
927 3189 1029 3251 finem.
1050 3187 1097 3251 Π.
1118 3188 1191 3252 Non
1211 3194 1286 3253 sunt
1305 3189 1384 3253 eius-

265 3285 335 3349 dem
367 3286 513 3350 dramatis
541 3311 598 3351 vss.
625 3290 798 3350 860-883
823 3294 854 3351 et
878 3292 1084 3353 890-1059.
1109 3289 1153 3352 Hi
1175 3313 1282 3354 versus
1304 3289 1384 3373 frag-

265 3393 406 3451 mentum
421 3411 492 3451 ⁴esse
516 3388 663 3452 videntur
685 3389 811 3451 maioris
833 3390 974 3473 episodii‚
998 3390 1032 3453 in
1055 3412 1117 3474 quo
1136 3391 1300 3455 Menelaus
1316 3412 1384 3475 pro·

266 3487 354 3552 dibat
376 3512 439 3552 non
463 3490 621 3553 saevitiam
645 3489 797 3553 simulans
817 3489 870 3552 sed
889 3491 1023 3574 perfidae
1044 3492 1147 3554 uxoris
1168 3491 1267 3556 scelus
1279 3513 1384 3555 revera

266 3610 322 3652 sua
352 3589 450 3673 ipsius
479 3589 604 3653 ulturus
628 3612 732 3668 manu,
757 3591 812 3673 qui
835 3596 940 3654 tamen
964 3597 1001 3653 ut
1024 3590 1105 3654 dixit
1127 3590 1281 3675 Lampito,
1307 3589 1383 3673 Lys.

269 3691 342 3768 155,
365 3692 421 3761 sair
445 3689 569 3762 Ἑλένας
592 3690 632 3753 τα
656 3693 744 3767 μαλα
768 3695 887 3768 γυμνοῖς
910 3692 1071 3771 παραϊδὼν,
1090 3689 1217 3769 ἐξέβαλε
1236 3692 1267 3755 τὸ
1288 3688 1383 3769 ξίφος.

312 3790 473 3871 Quaenam
496 3797 601 3853 autem
625 3791 783 3874 tragoedia
805 3813 876 3855 cum
900 3790 1072 3856 Troadibus
1096 3793 1245 3856 coaluerit
1269 3791 1386 3855 coniec-

267 3895 340 3956 tura
363 3892 484 3974 assequi
506 3914 569 3955 non
593 3913 684 3975 queo.

315 4111 403 4198 Quae
434 4113 561 4202 exposui
591 4113 653 4180 alio
684 4113 821 4181 eiusdem
845 4115 1114 4181 contaminationis
1138 4114 1275 4202 exemplo
1298 4115 1385 4181 illus·

269 4218 346 4281 trari
368 4225 507 4302 possunt.
530 4218 619 4282 Idem
642 4219 724 4282 enim
747 4217 832 4300 quod
854 4217 1035 4299 Troadibus
1067 4219 1128 4282 nisi
1151 4219 1253 4296 fallor,
1274 4218 1386 4282 accidit

269 4315 455 4397 Phoenissis,
478 4318 516 4382 de
540 4318 654 4402 quibus
676 4340 775 4403 pauca
797 4317 908 4382 addere
933 4319 1034 4383 liceat.

314 4418 382 4482 Iam
405 4418 562 4504 Hartung,
584 4418 661 4483 Eur.
685 4419 821 4482 restitut.
841 4418 858 4481 I
878 4441 908 4503 p.
930 4422 994 4482 423
1014 4420 1187 4505 suspicatus
1206 4418 1383 4484 estPhoen.
