3218 5370
703 605 905 649 orrannum.
1277 590 1337 650 195

241 790 278 830 err
302 768 399 831 altera
421 767 500 831 Pace
524 770 662 832 citantur
685 769 754 832 aliis
777 770 942 833 comoediis
962 769 1085 847 tribuit,
1105 793 1213 834 vereor
1233 793 1272 833 ne
1298 794 1363 855 spe·

241 880 354 943 ciosius
377 903 470 963 quam
494 881 596 944 verius
621 881 770 965 disputet.
797 881 980 964 Alloquitur
1000 882 1114 965 aliquis
1133 882 1287 946 hominem
1307 884 1363 965 qui

241 993 344 1056 herbis
367 1000 398 1055 et
420 993 564 1076 frugibus
582 1000 709 1056 ornatus
728 994 760 1055 in
778 1017 900 1056 scenam
920 993 1073 1078 prodibat.
1096 993 1236 1058 Coniecit
1258 996 1363 1080 Bergk

241 1105 414 1190 Trygaeum
438 1105 611 1169 allocutum
635 1130 700 1169 esse
725 1106 900 1190 Georgium.

738 1256 874 1325 Heroas.

242 1405 292 1468 Fr.
319 1397 399 1466 289.
444 1404 470 1466 Ε
495 1403 597 1467 Schol.
619 1403 741 1467 Thesm.
768 1408 806 1466 21
833 1412 961 1490 apparet
984 1406 1224 1489 Aristophanem
1250 1407 1283 1469 in
1303 1408 1364 1471 He-

241 1517 347 1580 roibus
370 1539 461 1579 versu
487 1516 646 1600 Sophoclis
668 1516 754 1597 σοφοὶ
778 1517 905 1598 τύρνοννον
933 1522 983 1580 τῶν
1008 1523 1106 1599 σοφῶν
1130 1520 1264 1600 συνουσίᾳ
1287 1526 1363 1582 tam-

241 1652 335 1712 quam
358 1630 529 1714 Euripideo
552 1651 643 1692 usum
668 1652 742 1693 esse.
1112 1622 1115 1627 ’

603 1779 842 1867 Thesmophor.
867 1781 1006 1859 alterae.

243 1933 293 1996 Fr.
320 1924 400 1994 301.
447 1929 607 2011 Ἄμφοδον
631 1933 720 2011 ἐχρῆν
744 1933 822 2011 αὐτῷ
846 1931 971 1996 τίθεσθαι
994 1931 1129 2009 τοῦνομοο.

285 2044 437 2108 Ludibrio
471 2044 565 2107 habet
596 2047 650 2108 Ar.
683 2045 824 2107 studium
854 2045 1017 2107 nominum
1051 2044 1287 2108 derivandorum
1312 2047 1364 2109 cui

242 2166 273 2222 et
306 2159 361 2222 alii
393 2165 425 2222 et
453 2159 622 2242 Euripides
652 2158 862 2221 indulserunt.
888 2157 926 2220 In
951 2158 1089 2221 dramate
1114 2159 1250 2243 Antiope
1274 2160 1365 2222 docet

243 2273 294 2335 hic
324 2294 437 2335 nomen
469 2271 654 2355 Amphionis
679 2294 716 2333 ex
739 2269 826 2350 ἀμφὶ
851 2277 882 2332 et
905 2270 974 2334 ἰένοον
998 2272 1202 2354 compositum
1227 2295 1301 2348 esse,
1326 2271 1362 2336 fr.

245 2388 317 2462 182,
342 2393 373 2447 et
398 2384 529 2447 Zethum
553 2406 666 2446 nomen
691 2384 843 2467 accepisse
867 2406 884 2446 a
907 2383 1015 2462 ζητεῖν,
1039 2383 1076 2445 11.
1104 2386 1175 2446 lar.
1197 2384 1283 2447 Alibi
1301 2407 1364 2447 non

244 2498 462 2581 etymologiam
487 2498 610 2579 quaerit
632 2497 707 2559 Eur.
733 2497 786 2559 sed
809 2519 920 2558 nomen
944 2501 1101 2580 comparat
1123 2519 1194 2559 cum
1219 2497 1290 2560 fatis
1315 2498 1363 2560 vel

240 2610 332 2674 rebus
355 2611 460 2694 gestis.
486 2609 726 2673 Andromachen
749 2615 854 2672 monet
877 2610 945 2671 iure
968 2630 1060 2673 snum
1084 2631 1197 2672 nomen
1218 2607 1362 2672 habuisse

241 2725 314 2806 quia
344 2722 424 2787 οὶνδ1
458 2722 605 2801 μοὲχετοον,
635 2723 672 2785 11.
707 2724 791 2787 11179
817 2728 849 2784 et
873 2723 910 2785 de
936 2722 1094 2805 Meleagro
1119 2721 1225 2784 scribit
1249 2722 1360 2800 μελὲνον

240 2835 297 2916 γάρ
332 2845 399 2900 ποτ’
431 2835 561 2916 οὶγρεύενς
592 2834 696 2916 typar,
730 2836 766 2898 11.
803 2837 875 2898 521.
908 2834 955 2900 Cf.
985 2834 1101 2898 Phoen.
1129 2839 1224 2913 1195,
1249 2835 1360 2899 Troad.

242 2953 315 3029 990,
347 2949 458 3012 Bacch.
493 2952 566 3028 508,
593 2949 662 3033 Iph.
695 2949 788 3012 Taur.
815 2950 866 3027 32,
891 2947 944 3012 Or.
972 2951 1067 3029 1635,
1092 2949 1128 3011 fr.
1157 2950 1217 3013 781
1242 2973 1285 3012 rs.
1312 2953 1362 3012 12.

240 3064 269 3125 A
292 3085 354 3145 quo
374 3065 446 3126 lusu
465 3085 566 3145 neque
587 3060 754 3146 Sophocles
778 3062 940 3141 abstinuit,
961 3063 1011 3125 Ai.
1026 3064 1100 3142 130,
1115 3085 1215 3145 neque
1228 3063 1362 3147 Acschy-

239 3176 297 3255 luS,
331 3176 415 3260 Sept.
447 3180 520 3254 829,
554 3177 613 3259 Ag.
648 3179 721 3253 690,
750 3197 852 3258 neque
875 3182 967 3260 poeta
991 3176 1108 3258 Hymni
1133 3175 1226 3238 Hom.
1251 3176 1283 3238 in
1307 3178 1363 3238 Pa-

240 3312 311 3352 nem
345 3293 398 3367 18,
429 3290 462 3353 in
492 3288 644 3353 Venerem
677 3292 739 3352 199
773 3270 817 3372 sq.
847 3289 961 3373 Tangit
985 3289 1135 3352 eiusmodi
1160 3290 1362 3373 etymologias

241 3404 464 3487 Aristophanes
495 3403 552 3485 Eq.
580 3402 674 3479 1257,
699 3403 736 3466 11.
762 3405 825 3464 821
849 3409 890 3465 et.
914 3402 1036 3465 Thesm.
1064 3405 1147 3464 1215
1174 3402 1229 3465 ubi
1251 3403 1360 3466 lictor:

440 3519 524 3596 ὀρτῶς
548 3515 579 3579 δέ
601 3540 629 3579 το
651 3515 755 3593 ooliba
781 3516 1050 3592 ’στ1κοιτοοβ1νῆον
1074 3515 1139 3595 νοέρ.
1218 3508 1223 3515 ’

286 3627 336 3691 Ita
359 3629 441 3692 enirn
463 3629 575 3713 tragici
598 3630 772 3712 loquuntur
796 3653 824 3691 v.
849 3653 874 3692 c.
899 3630 1020 3707 Aesch,
1047 3628 1131 3713 Sept.
1158 3633 1232 3707 829,
1253 3629 1277 3693 οἳ
1296 3630 1359 3702 δῆτ’

241 3743 323 3822 ὀρθῶς
354 3741 431 3806 νοντ’·
459 3743 627 3821 ἐπωνυμίαν
660 3744 731 3815 κτὲ.,
756 3743 843 3820 Eur„
867 3742 977 3806 Troad.
1004 3746 1077 3820 990,
1102 3742 1153 3807 uui
1177 3742 1293 3820 τοῦνομ’
1319 3767 1362 3823 ορ-

242 3855 294 3926 θῶς
317 3853 483 3935 ἀφροσύνης
505 3853 590 3936 ἄρχει
615 3858 688 3928 θεοῖς.

720 4005 883 4074 Lemniae.

240 4154 289 4219 rr.
316 4148 396 4218 321.
440 4155 552 4218 ἐνταῦθ’
575 4154 774 4234 ἕτνροέννενσεν
797 4153 967 4234 Ὑψιπύλης
991 4155 1096 4234 πατὴρ,

439 4266 528 4339 Θόοος,
554 4266 707 4347 βράδνστος
732 4267 768 4331 ὢν
791 4270 819 4332 ἕν
843 4269 996 4348 ἀνθρώποις
1020 4268 1150 4347 δραμεῖν.
1262 4335 1264 4338 ,

284 4378 356 4442 Vid.
377 4380 417 4442 ad
428 4381 464 4445 fr.
481 4382 554 4443 304.
568 4379 733 4463 Tragicum
745 4380 889 4460 νοὲχνσνος
903 4382 1057 4465 scripsisse
1070 4381 1201 4444 coniecit
1211 4405 1239 4444 v.
1253 4379 1355 4445 Herw.
