3218 5370
637 618 867 664 laudunenses

240 792 314 852 456.
339 789 463 867 λυπηρὸς
485 785 544 851 trh'
573 785 610 849 ὢν
632 786 840 866 κάποχώρησον
865 784 967 862 δόμων.

241 906 316 966 460.
584 898 644 964 trt'
670 901 793 979 ὀχληρὸς
816 898 852 960 ὢν
877 897 983 975 δόμοις.
1249 987 1251 991 Α

242 1019 317 1080 479.
586 1021 657 1092 κλῇε
687 1011 789 1085 urard
818 1010 970 1088 δωμοὶτων.
995 1009 1109 1074 Pollux
1134 1009 1173 1090 X,
1200 1011 1239 1072 27
1264 1015 1317 1074 λῦε

197 1127 299 1201 πηκτὰ
321 1125 464 1204 δωμοὶτων
488 1125 634 1209 Euripidi
656 1123 780 1187 tribuit.
805 1121 850 1186 Of.
876 1122 917 1186 N.
942 1123 979 1186 fr.
1004 1123 1079 1187 Eur.
1105 1127 1179 1187 991.

210 1254 217 1265 “
242 1239 335 1302 Hisce
359 1235 502 1308 omnibus
525 1244 632 1301 utrum
656 1237 773 1317 ποορωδῇ
794 1259 832 1298 66
852 1237 1070 1317 aulaumaiu
1090 1237 1313 1321 Aristophanes

197 1375 260 1416 non
290 1352 400 1434 liquet.
431 1349 555 1429 Nauck,
587 1350 624 1412 fr.
657 1350 705 1412 ad.
740 1349 790 1428 27,
814 1353 960 1413 vss.'449
985 1355 1017 1412 et
1039 1353 1102 1413 450
1127 1349 1315 1435 Euripideos

199 1488 262 1528 esse
285 1465 470 1549 suspicatur.

200 1684 253 1749 Vs.
275 1678 345 1746 446
359 1710 425 1771 sqq.
445 1687 484 1751 ln
503 1687 561 1750 hoc
578 1687 734 1770 colloquio
745 1709 807 1749 non
819 1687 1001 1770 Euripidem
1013 1693 1138 1751 tantum
1152 1688 1310 1752 sedetiam

200 1801 450 1887 Dicaeopolidem
481 1822 716 1883 nonnumquam
747 1798 847 1863 verbis
880 1801 1005 1882 tragicis
1036 1801 1094 1877 uti,
1127 1800 1320 1864 simulacris

198 1914 270 1995 ῥάκι’
295 1917 327 1978 ἐκ
349 1913 703 1998 τρωγῳδίωςωοοψθνὶῒ,
729 1914 789 1975 iarn
815 1911 948 1974 vidimus
971 1934 1014 1975 vs.
1042 1915 1117 1989 435,
1141 1916 1216 1992 440,
1242 1915 1316 1976 456.

202 2027 346 2092 Addendi
369 2035 443 2091 sunt
467 2051 523 2091 vss.
549 2030 623 2105 446,
649 2029 724 2106 455,
746 2029 821 2103 471,
845 2026 920 2105 478,
945 2029 1008 2088 466
1033 2048 1098 2108 sqq.

355 2144 429 2204 446.
454 2140 660 2217 εὐδωιμονοίνο·
684 2138 817 2219 Τηλέφῳ
842 2139 867 2202 δ’
894 2139 958 2217 aiat>
982 2143 1084 2219 Φρονῶ.

245 2253 295 2316 Tr.
330 2255 402 2316 702.
434 2252 479 2315 Cf.
510 2251 602 2316 verba
634 2253 784 2316 Arcesilai
814 2275 831 2314 a
859 2251 1003 2315 Nauokio
1028 2252 1132 2315 citata.
1159 2251 1319 2331 Quaenam

201 2389 307 2431 versus
337 2366 424 2430 allati
452 2368 486 2429 in
517 2365 676 2448 tragoedia
707 2365 862 2428 sententia
893 2365 988 2428 fuerit
1016 2388 1078 2428 non
1102 2367 1177 2430 satis
1201 2373 1320 2430 certum

203 2486 258 2543 est.
290 2478 446 2543 Videntur
476 2501 538 2542 non
570 2477 608 2542 ab
631 2501 696 2541 uno
719 2479 853 2542 alterove
878 2479 1066 2557 Graecorum
1089 2479 1226 2562 prolecta
1248 2502 1322 2559 csse,

202 2593 257 2676 qui
288 2616 344 2658 cur
374 2600 438 2656 tam
468 2592 560 2656 tectis
590 2590 689 2655 verbis
720 2599 864 2655 uteretur
894 2615 956 2655 uon
989 2598 1055 2655 erat
1079 2615 1180 2672 causa,
1205 2592 1258 2655 sed
1282 2591 1320 2655 ab

203 2708 270 2791 ipso
301 2704 446 2790 Telepho,
479 2706 535 2788 qui
565 2727 636 2768 cum
669 2705 802 2789 suspicio
832 2713 899 2768 orta
923 2712 1013 2784 esset,
1038 2728 1144 2769 cavere
1167 2705 1262 2768 vellet
1285 2729 1323 2768 ne

202 2824 419 2902 agnosceretur
454 2824 485 2881 et
518 2818 583 2902 ipse
618 2817 656 2880 de
690 2817 825 2901 Telepho
859 2818 989 2900 loquens
1020 2818 1149 2902 ancipiti
1181 2825 1322 2881 uteretur

203 2956 342 2997 sermone
364 2955 426 3015 quo
449 2932 529 2996 mala
553 2933 581 2995 ei
606 2933 768 3015 imprecari
792 2933 959 2996 videretur.

249 3045 335 3126 Quid
355 3053 460 3109 autem
477 3045 579 3109 voluit
600 3045 846 3128 Aristophanes?
865 3045 1015 3109 Mueller:
1036 3045 1122 3122 „hoc
1140 3045 1206 3108 loco
1221 3044 1323 3128 (verba

206 3161 272 3241 Ar.)
295 3166 400 3244 aperte
424 3159 590 3225 intellectu
616 3166 742 3222 carent.
758 3207 765 3222 .
781 3208 810 3222 ..
836 3181 932 3242 eaque
957 3159 1044 3221 addit
1066 3165 1103 3222 ut
1125 3182 1215 3222 versu
1236 3159 1326 3223 Euri-

207 3271 296 3354 pideo
327 3278 446 3348 utatur,
477 3294 541 3335 non
572 3278 609 3334 ut
639 3271 775 3354 aliquam
800 3272 997 3347 sententiam,
1022 3271 1095 3334 huic
1118 3271 1186 3334 loco
1210 3279 1324 3355 aptam,

207 3385 366 3468 exprimat.
397 3383 577 3448 Eirmantur
608 3409 643 3449 ea
675 3407 754 3468 quae
784 3385 903 3469 protuli
926 3399 1016 3448 versu
1039 3385 1212 3467 sequenti.’'
1237 3386 1325 3467 Quae

207 3496 422 3582 interpretatio
441 3504 510 3561 tum
530 3499 656 3562 demum
674 3498 800 3562 ferenda
819 3499 887 3575 erit,
908 3520 978 3561 cum
999 3498 1077 3562 aliae
1098 3520 1204 3562 omnes
1215 3501 1329 3563 frustra

207 3617 344 3673 tentatae
365 3611 493 3674 luerint.
513 3611 557 3674 Ut
578 3611 796 3695 Aristophanis
816 3609 907 3673 verba
919 3659 938 3687 ‚,
948 3611 1114 3674 intellectu
1127 3611 1248 3675 carero'’
1260 3634 1327 3697 pro-

207 3722 260 3786 het
279 3723 415 3787 Mueller
435 3724 509 3786 haec
529 3722 636 3787 addit:
649 3724 712 3801 „Si
725 3724 921 3807 accipiuntur
934 3745 988 3807 pro
1001 3722 1187 3807 „Telephus
1199 3725 1264 3808 ipse
1277 3743 1326 3807 pe-

208 3835 303 3913 reat,”
334 3837 439 3920 inepta
469 3844 515 3900 est
547 3839 712 3916 sententia,
744 3859 842 3920 quum
867 3837 936 3900 Dic.
961 3837 1026 3920 ipse
1049 3836 1221 3921 Telephum
1245 3843 1326 3920 agat.

209 3950 241 4012 Si
272 3949 482 4034 explicantur:
514 3950 612 4028 „Tua
642 3949 756 4028 fabula,
782 3973 861 4034 quae
886 3949 1040 4034 Telephus
1063 3948 1253 4026 inscribitur,
1279 3972 1329 4033 pe-

208 4061 304 4139 reat',
339 4060 388 4123 vel
422 4061 519 4144 „ejus
550 4085 598 4124 me
629 4061 762 4140 taedet’',
795 4050 980 4126 stultissime
1011 4061 1088 4124 haec
1119 4061 1202 4124 dicta
1232 4067 1326 4124 sunt:

208 4172 361 4236 offendere
384 4174 466 4236 enim
490 4173 673 4258 Euripidem
696 4182 766 4238 tum
785 4175 910 4238 demum
930 4173 1042 4258 incipit
1061 4173 1142 4250 Dic,
1162 4179 1327 4256 postquam

209 4286 312 4349 omnia
335 4287 465 4370 accepit,
490 4308 570 4370 quae
592 4286 762 4372 poposcit.'’
787 4286 875 4367 Quae
899 4309 970 4350 vera
993 4292 1105 4366 essent,
1130 4285 1156 4348 si
1174 4285 1237 4349 alta
1255 4307 1328 4349 voce

211 4398 280 4462 Dic.
310 4399 387 4463 haec
408 4399 536 4463 dixisset
556 4401 712 4486 Euripidi,
735 4423 797 4464 non
820 4423 893 4465 vero
916 4401 942 4464 si
964 4400 1091 4465 remissa
1114 4421 1188 4463 voco
1211 4404 1328 4483 specta·
