3218 5370
304 624 366 684 122
661 638 1014 682 ruasnoraoamzusan.

281 801 367 878 ξενες
393 804 453 866 Sed
473 802 515 866 ihi
527 803 751 887 Blepsidemus,
765 802 909 879 τύμπανα
923 802 975 866 καὶ
988 802 1119 884 κύφωνες
1131 810 1289 890 tamquam
1301 803 1397 865 socios

277 916 309 979 in
332 916 482 978 auxilium
507 915 564 978 sihi
588 918 744 992 invocans,
769 915 910 977 consulto
934 916 1051 978 usitato
1071 914 1233 998 grandiore
1255 937 1404 978 sermone·

277 1029 390 1090 utitur.
423 1028 493 1098 Βοὶρν
526 1025 641 1090 ἱσννίναν
673 1027 817 1112 frequens
851 1026 951 1089 estin
974 1026 1135 1110 Euripide,
1159 1026 1316 1090 Heraclid.
1344 1027 1394 1103 73,

278 1143 351 1215 128,
378 1143 451 1216 656,
476 1139 547 1223 Iplr.
568 1138 661 1202 Taur.
689 1141 783 1203 1367.
808 1137 1046 1222 Paratragoedia
1066 1137 1395 1223 haeclmulierisverba

277 1252 445 1315 existimari
467 1260 594 1336 possent
618 1253 677 1314 nisi
701 1259 764 1313 tam
790 1259 861 1336 apte
884 1250 1019 1334 Telepho
1046 1258 1261 1334 congruerent.

322 1365 371 1425 An
398 1365 430 1426 iu
458 1365 513 1426 hac
537 1386 627 1426 scena
651 1364 743 1447 plura
765 1363 941 1446 tragoediae
965 1361 1136 1425 debeantur
1159 1362 1322 1425 decernere
1345 1361 1396 1424 vix

278 1478 386 1538 ausim.
418 1475 457 1539 In
490 1477 616 1559 parodia
648 1482 768 1559 poetam
800 1475 912 1538 versari
944 1475 1083 1538 indicant
1106 1475 1227 1538 numeri
1251 1481 1282 1536 et
1305 1472 1396 1536 verba

278 1612 336 1652 vss.
363 1592 435 1666 700,
463 1589 524 1650 775
546 1595 577 1650 et
599 1589 660 1649 716
683 1588 756 1670 (Str.
780 1590 840 1652 675
862 1595 894 1649 et
915 1588 999 1668 676),
1022 1590 1038 1651 7
1044 1590 1085 1648 24
1098 1586 1170 1671 (Str.
1185 1588 1271 1669 685),
1285 1585 1395 1648 deinde

278 1700 406 1763 αὐθαδία
439 1702 500 1765 765
533 1706 565 1762 et
590 1700 718 1762 fortasse
747 1704 796 1762 τοῦ
823 1698 945 1762 ίαννίννν
969 1699 1005 1771 δ’,
1030 1694 1050 1760 ὦ
1073 1698 1193 1770 παιδίαν,
1218 1697 1348 1774 μόνην..
1365 1744 1393 1760 ..

279 1811 359 1873 αἱννῶ
384 1811 436 1882 τὶρν
456 1810 569 1890 μητέρα
590 1812 663 1882 731,
686 1833 765 1896 quae
784 1811 822 1873 de
842 1809 1088 1893 Clytaemnestra
1101 1809 1243 1892 intellegi
1256 1815 1395 1892 possunt.

236 1978 254 2010 ·.
279 1922 323 1983 At
354 1921 429 1985 haec
459 1923 550 1984 mitto
574 1944 690 1984 memor
713 1927 763 1984 τοῦ
787 1923 878 1997 μηδὲν
901 1919 991 1998 ἄγαν.
1017 1918 1091 1984 Post
1115 1943 1157 1983 vs.
1185 1922 1247 1984 732
1271 1918 1396 1983 nullum

279 2033 407 2118 Telephi
430 2035 594 2117 vestigium
617 2035 781 2118 reperitur,
804 2034 844 2095 ln
869 2033 1025 2116 tragoedia
1049 2039 1187 2096 servatur
1208 2032 1342 2109 Orestes,
1362 2033 1396 2094 in

282 2148 438 2211 comoedia
474 2155 580 2210 contra
613 2155 681 2210 uter
711 2147 785 2225 vini,
818 2169 911 2232 quem
943 2146 1054 2208 mulier
1079 2154 1239 2231 tamquam
1263 2166 1395 2229 puerum

279 2260 417 2338 curabat,
442 2260 630 2323 trucidatur.
656 2260 720 2339 Qui
744 2259 787 2322 ibi
810 2259 926 2342 legitur
949 2281 1054 2321 versus
1078 2262 1151 2335 758,

566 2370 647 2435 ννννὶ
671 2373 703 2434 τὸ
727 2372 820 2451 δέρμα
843 2379 896 2444 τῆς
920 2371 1018 2450 ἱερείας
1042 2370 1184 2447 γίγνεται.

280 2486 435 2568 genuinus
465 2507 528 2549 non
559 2475 624 2548 esse
652 2485 731 2547 mihi
761 2484 894 2547 videtur.
926 2483 999 2546 Non
1018 2485 1100 2546 enim
1122 2483 1211 2545 video
1234 2505 1330 2569 quare
1352 2505 1398 2545 ro-

280 2604 382 2681 gasset
404 2598 532 2674 mulier,
557 2597 588 2661 rr‘
608 2605 661 2670 τῆς
685 2597 783 2677 ἱερείας
806 2597 940 2673 γίγνεται
964 2597 990 2658 si
1012 2598 1073 2659 iam
1097 2597 1129 2659 τὸ
1150 2595 1243 2676 δέρμα
1262 2596 1398 2659 dedisset

280 2709 328 2772 vel
351 2708 423 2771 dare
444 2709 604 2793 pollicitus
623 2715 702 2771 esset
722 2708 941 2770 Mnesilochus.
963 2707 1060 2770 Ortus
1079 2713 1126 2770 est
1145 2731 1182 2770 ex
1194 2708 1396 2770 annotatione

280 2821 319 2885 ad
349 2822 437 2885 ταυτί.
463 2821 635 2904 Adscripsit
659 2820 773 2905 aliquis
796 2821 828 2883 τὸ
852 2819 955 2898 δέρμα,
983 2821 1074 2902 (sieut
1097 2819 1136 2881 ad
1159 2818 1229 2902 Lys.
1256 2821 1318 2882 663
1343 2817 1395 2882 καὶ

279 2933 417 2997 ταυτασί·
449 2932 516 3004 Τνὶς
546 2932 691 3016 ταινίας.)
726 2930 810 3016 quod
842 2953 912 2993 oum
939 2932 969 2994 τί
989 2937 1042 3003 τῆς
1065 2930 1164 3010 ἱερείας
1188 2931 1321 3007 γίγνεται
1344 2953 1396 2993 no-

279 3068 351 3108 vum
377 3045 487 3128 genuit
508 3065 640 3106 versum.
665 3043 790 3106 Excidit
813 3043 941 3106 fortasse
965 3065 1070 3106 versus
1094 3040 1288 3104 Mnesilochi.

280 3253 335 3318 Vs.
360 3247 441 3318 776.
754 3250 774 3316 ὦ
799 3260 897 3333 χεῖρες
919 3251 999 3330 ε’ρναὶ,

566 3367 709 3445 ἕναενεῖν
732 3372 806 3444 arn
830 3363 901 3444 ἔενν
925 3364 1043 3445 πενίαν·

568 3478 626 3556 ν’ίγε
649 3479 682 3550 δὴ
708 3477 834 3540 ανννίκων
857 3475 963 3550 ξεστῶν
988 3477 1091 3554 δέλτον,

568 3587 689 3663 δέξασθε
712 3589 821 3666 σμίλης
845 3589 953 3668 ὁλκοὺς,

569 3701 694 3781 κήρυκας
717 3703 794 3779 ἐρεῶν
817 3700 947 3779 μόχθων·
972 3698 1053 3777 uiuos.

281 3823 313 3879 et
336 3838 352 3877 e
376 3811 578 3897 sequentihus

283 3941 336 4005 Vs.
363 3932 442 4003 783.
567 3936 701 4014 βάσκετ’,
725 3936 860 4013 aaran&

326 4050 537 4116 Mnesilochus
567 4049 699 4112 Oeaoem
728 4049 870 4109 imitatur
901 4048 956 4134 qui
985 4048 1018 4109 in
1041 4047 1200 4130 Euripidis
1224 4045 1398 4124 Palamede,

281 4170 360 4227 teste
385 4162 562 4241 Scholiasta,
587 4163 663 4225 remi
688 4161 778 4224 verba
803 4161 968 4245 insculpsit
992 4183 1070 4246 quae
1094 4165 1213 4243 patrem
1236 4158 1274 4220 de
1299 4159 1401 4222 fratris

282 4282 381 4340 morte
405 4276 566 4338 certiorem
589 4276 733 4337 facerent.
759 4274 809 4336 Ad
833 4295 875 4335 ve.
904 4274 963 4335 771
985 4272 1101 4356 duplex
1119 4278 1205 4333 extat
1224 4271 1399 4347 Scholium3

282 4389 365 4475 quod
389 4388 522 4450 alterum
544 4386 639 4449 habet
651 4434 747 4449 .....
771 4386 935 4465 ε’ννγρνίψαν
959 4385 998 4455 εἱς
1021 4383 1076 4455 ada
1100 4387 1171 4454 ναῦς
1190 4373 1289 4445 'errori
1314 4381 1401 4444 dehe-
