3218 5370
727 617 835 660 nonas,
865 689 866 692 Ἴ
1276 597 1317 656 43

224 784 281 866 Eq.
319 784 391 862 611,
430 784 523 845 1335.
555 781 719 857 Ἀντιβολῦ
751 782 843 843 etiam
875 781 1064 844 comicorum
1095 787 1151 857 est,
1184 780 1221 843 cf.
1254 742 1351 843 11111).Ι

227 894 299 972 224,
325 893 410 957 Piut.
436 897 501 956 444
526 900 557 956 et
580 895 703 978 passim,
731 915 831 976 neque
855 894 977 956 numeri
1000 893 1110 976 tragici
1132 898 1213 955 s'unt.

226 1102 279 1166 Vs.
307 1096 386 1165 138.
556 1109 646 1175 πηλοῦ
670 1103 727 1182 γοῦρ
752 1104 814 1166 οῐκῦ
838 1106 893 1166 νῦν
916 1103 1020 1182 cypeto.

272 1216 372 1279 schol.
397 1215 534 1279 λέλεκποι
558 1216 589 1278 δὲ
612 1217 683 1279 οοῦπὸ
707 1217 787 1294 ποιροὶ
809 1217 841 1278 πὸ
865 1214 1051 1294 Εὐριπίδειον,
1073 1211 1138 1291 ῦπερ
1157 1209 1245 1283 οὕτως
1262 1210 1341 1289 ἔχεις

479 1332 567 1400 πνλοῦ
590 1328 646 1408 γὰρ
670 1326 749 1391 οἴκεον
772 1327 868 1404 βίοτον
891 1324 1094 1405 ε’ξιδρνοοὶμνν.

165 1517 169 1523 ,
271 1441 363 1520 Quod
394 1440 503 1504 dubito
534 1463 608 1503 num
640 1463 748 1504 verum
779 1441 828 1502 sit.
862 1439 944 1503 Loco
967 1438 1126 1522 Euripidis
1150 1442 1240 1510 πνλοῦ
1265 1435 1344 1500 οἴκων
1423 1469 1425 1473 ·

225 1560 286 1618 est:
314 1557 424 1636 procul
455 1579 474 1616 οι
505 1556 642 1632 domibus,
668 1553 888 1637 Aristophanis
912 1559 1017 1615 autem
1041 1556 1129 1624 πνλοῦ
1154 1555 1209 1613 νῦν
1232 1551 1344 1628 οένρῦνε

219 1669 328 1748 procul
350 1665 399 1748 (ab
425 1665 512 1749 urbe)
536 1667 566 1728 in
591 1667 680 1748 aprio,
704 1668 779 1730 ruri.
808 1667 909 1729 Sonus
932 1673 1057 1728 tantum
1080 1663 1244 1728 verborum
1264 1665 1345 1726 simi-

226 1778 264 1841 lis
290 1757 346 1859 est,
371 1778 475 1842 differt
498 1780 698 1842 constructio.
723 1779 766 1840 Aa
787 1783 877 1852 πνλοῦ
897 1785 944 1840 est
965 1777 1093 1840 verbum
1113 1779 1235 1862 epicum
1255 1777 1345 1858 (com-

225 1891 326 1974 posita
357 1890 494 1953 adverbii
517 1899 597 1964 πῆλε,
622 1892 785 1969 τνλοιονὶνς,
808 1889 997 1963 maeandra,
1021 1891 1194 1970 πνλεΦοινής
1217 1910 1265 1972 ap.
1290 1888 1344 1950 Ar.

226 2025 288 2065 non
319 2003 380 2066 nisi
410 2003 442 2066 in
474 2005 658 2086 anapaestis,
685 2004 718 2065 in
743 2002 929 2065 carminibus
954 2001 1083 2064 choricis
1108 2008 1139 2063 et
1161 2001 1194 2063 in
1219 2000 1345 2084 parodia

226 2116 386 2205 leguntur)
417 2117 500 2198 quod
524 2114 571 2179 bis
595 2117 627 2178 in
651 2116 726 2178 11111.
752 2115 878 2198 legitur,
904 2114 955 2177 hic
980 2121 1012 2176 et
1036 2113 1119 2197 Cycl.
1147 2116 1220 2175 669.
1246 2111 1346 2175 Habe-

227 2239 298 2291 mus
321 2229 418 2312 igitur
442 2229 600 2313 parodiam
624 2228 677 2291 sed
701 2229 863 2290 cuiusnam
886 2227 946 2289 loci
970 2248 1032 2289 non
1056 2226 1166 2308 liquet.

332 2436 816 2466 ....,,...
964 2441 978 2452 .
1160 2436 1166 2458 ,
1299 2436 1321 2458 ...

228 2430 493 2502 111.335.τοιοπ
533 2461 568 2516 οορ
607 2460 715 2500 εποιονν
744 2461 832 2517 νγροιν
851 2442 994 2517 Νεφελον
1016 2450 1244 2514 οπροιπποοιγλοον
1269 2438 1346 2500 δοιιον

1168 2574 1258 2629 ορμον
1283 2575 1343 2613 κτε.

274 2666 439 2750 Ampullas
470 2664 765 2748 dithyrambicorum
796 2632 885 2728 ridet.
912 2664 1099 2727 Scholiasta:
1125 2553 1283 2727 οοῖ1ιίττεποοι
1307 2647 1346 2735 εἷς

122 2818 124 2823 ·
228 2780 294 2850 ποῦς
325 2778 390 2858 περὶ
421 2779 556 2852 Κιννοιόιν
586 2777 638 2841 aa>
671 2774 819 2850 Φιλόξενον
849 2776 900 2840 xci
924 2776 1208 2859 thous'vaquem
1232 2799 1347 2839 errasse

228 2894 418 2954 monuerunt
448 2890 544 2953 Mein.
571 2890 611 2952 H.
637 2889 687 2952 Cr.
711 2913 741 2974 p.
768 2893 808 2951 89
834 2896 866 2951 et
891 2891 964 2951 228.
989 2888 1100 2972 Bergk.
1126 2889 1162 2950 11.
1187 2888 1268 2950 Phil.
1294 2892 1345 2951 16.

228 3003 273 3066 Cf.
301 3002 448 3067 Ribbeck.
472 3003 531 3065 Die
555 3026 624 3089 par..
647 3003 674 3065 b.
700 3004 730 3066 d.
756 3003 823 3064 Art.
848 3002 938 3064 Kom.
963 3002 1108 3064 Zeitschr.
1132 3003 1152 3063 1.
1177 3002 1206 3064 (1.
1233 2997 1345 3085 Gymn.

229 3116 327 3180 run
351 3139 381 3200 p.
407 3118 481 3179 aas.

230 3318 283 3382 Vs.
310 3309 390 3379 536.
415 3317 558 3393 yuciocrcu
582 3316 648 3394 γὰρ,
673 3314 759 3394 ἥνπερ
783 3313 844 3393 tto,
867 3314 1018 3394 τάδελφοῦ
1042 3314 1089 3376 νῦν
1113 3312 1285 3391 βόστρυχον.

274 3432 321 3495 Ex
345 3430 455 3493 Aesch.
481 3428 617 3514 Choeph.
644 3431 706 3492 168
731 3450 796 3510 sqq.
822 3426 868 3490 Of.
891 3427 967 3490 Eur.
992 3426 1040 3490 El.
1069 3429 1130 3488 509
1154 3447 1219 3507 sqq.

229 3628 283 3692 Vs.
310 3621 389 3691 583.
526 3626 630 3707 βροντὴ
655 3626 680 3689 δ’
705 3624 807 3705 ἐρροὶγν
833 3624 869 3687 δι’
893 3626 1057 3703 οὶοπροοπῇς.

276 3741 377 3804 Schol.
402 3741 483 3821 ποιρῦ
507 3739 547 3802 τοῦ
569 3740 598 3802 ἐν
623 3737 739 3818 Τεύκρῳ
763 3735 965 3817 Σοφοκλέονςε

687 3835 689 3839 .
780 3851 895 3928 οῦροινοῦ
919 3850 944 3911 δ’
969 3848 1027 3912 ἄπο

438 3963 582 4044 ῦοπροοψε,
607 3961 711 4043 βροντὴ
736 3963 761 4025 δ’
787 3960 889 4040 ἐρροέγν
915 3961 949 4023 δι’
974 3963 1136 4041 corporeae.

273 4079 310 4142 11.
337 4078 398 4141 517
425 4075 477 4156 Ν.,
504 4077 566 4140 507
592 4074 631 4136 D.

229 4273 284 4337 Vs.
310 4267 390 4335 595.
449 4266 537 4351 οὶροφί
558 4295 607 4348 μοι
631 4264 712 4349 οιῦπε,
739 4272 825 4347 Φοῖβ’
850 4268 927 4344 aba}
952 4269 1043 4343 Δήλιε
1066 4272 1125 4333 ari.

224 4403 225 4406 ’
256 4385 377 4460 'schot
402 4386 433 4448 ἐκ
457 4389 513 4447 τῶν
537 4382 720 4463 Τερπάνδρου
744 4383 901 4461 προοιμίων.
927 4381 1040 4465 Bergk.
1065 4382 1101 4445 fr.
1125 4382 1214 4466 Terp.
1241 4385 1276 4444 2:
