<?xml version="1.0" encoding="UTF-8"?>
<!DOCTYPE html PUBLIC "-//W3C//DTD XHTML 1.0 Transitional//EN"
    "http://www.w3.org/TR/xhtml1/DTD/xhtml1-transitional.dtd">
<html xmlns="http://www.w3.org/1999/xhtml" xml:lang="en" lang="en">
 <head>
  <title>
</title>
<meta http-equiv="Content-Type" content="text/html;charset=utf-8" />
  <meta name='ocr-system' content='tesseract 3.04.00' />
  <meta name='ocr-capabilities' content='ocr_page ocr_carea ocr_par ocr_line ocrx_word'/>
</head>
<body>
  <div class='ocr_page' id='page_1' title='image "./deparodiaincomo00bakhgoog_0132.png"; bbox 0 0 3218 5370; ppageno 0'>
   <div class='ocr_carea' id='block_1_1' title="bbox 594 578 1306 640">
    <p class='ocr_par' dir='ltr' id='par_1_1' title="bbox 594 578 1306 640">
     <span class='ocr_line' id='line_1_1' title="bbox 594 578 1306 640; baseline 0 -1"><span class='ocrx_word' id='word_1_1' title='bbox 594 595 944 640; x_wconf 77' lang='lat' dir='ltr'><strong>rnnsrrornonrrzusun.</strong></span> <span class='ocrx_word' id='word_1_2' title='bbox 1246 578 1306 639; x_wconf 92' lang='grc'><strong>119</strong></span> 
     </span>
    </p>
   </div>
   <div class='ocr_carea' id='block_1_2' title="bbox 135 748 1332 1519">
    <p class='ocr_par' dir='ltr' id='par_1_2' title="bbox 135 748 1332 1519">
     <span class='ocr_line' id='line_1_2' title="bbox 135 748 1331 840; baseline -0.002 -16"><span class='ocrx_word' id='word_1_3' title='bbox 135 748 142 761; x_wconf 53' lang='grc'><strong>’</strong></span> <span class='ocrx_word' id='word_1_4' title='bbox 210 810 230 839; x_wconf 89' lang='grc'><strong>,,</strong></span> <span class='ocrx_word' id='word_1_5' title='bbox 241 762 339 824; x_wconf 85' lang='lat' dir='ltr'><strong>dixit:</strong></span> <span class='ocrx_word' id='word_1_6' title='bbox 371 759 443 837; x_wconf 74' lang='grc' dir='ltr'><em>γυνή</em></span> <span class='ocrx_word' id='word_1_7' title='bbox 472 784 505 823; x_wconf 82' lang='grc' dir='ltr'><strong>τε</strong></span> <span class='ocrx_word' id='word_1_8' title='bbox 528 759 645 824; x_wconf 70' lang='grc' dir='ltr'><em>πάντων</em></span> <span class='ocrx_word' id='word_1_9' title='bbox 669 759 848 839; x_wconf 69' lang='grc' dir='ltr'><strong>ἀγριώτατον</strong></span> <span class='ocrx_word' id='word_1_10' title='bbox 871 759 990 823; x_wconf 84' lang='grc' dir='ltr'><strong>κακόν.”</strong></span> <span class='ocrx_word' id='word_1_11' title='bbox 1015 759 1109 840; x_wconf 74' lang='lat' dir='ltr'><strong>Quod</strong></span> <span class='ocrx_word' id='word_1_12' title='bbox 1132 760 1331 823; x_wconf 88' lang='lat' dir='ltr'><strong>vehementer</strong></span> 
     </span>
     <span class='ocr_line' id='line_1_3' title="bbox 212 870 1332 956; baseline 0 -22"><span class='ocrx_word' id='word_1_13' title='bbox 212 872 331 935; x_wconf 90' lang='lat' dir='ltr'><strong>dubito.</strong></span> <span class='ocrx_word' id='word_1_14' title='bbox 358 871 461 934; x_wconf 92' lang='lat' dir='ltr'><strong>Nimis</strong></span> <span class='ocrx_word' id='word_1_15' title='bbox 486 872 567 934; x_wconf 91' lang='lat' dir='ltr'><strong>enim</strong></span> <span class='ocrx_word' id='word_1_16' title='bbox 592 872 768 955; x_wconf 87' lang='lat' dir='ltr'><strong>discrepant</strong></span> <span class='ocrx_word' id='word_1_17' title='bbox 788 871 956 954; x_wconf 80' lang='lat' dir='ltr'><strong>Euripiden</strong></span> <span class='ocrx_word' id='word_1_18' title='bbox 981 870 1072 934; x_wconf 90' lang='lat' dir='ltr'><strong>verba</strong></span> <span class='ocrx_word' id='word_1_19' title='bbox 1089 871 1128 934; x_wconf 88' lang='lat' dir='ltr'><strong>ab</strong></span> <span class='ocrx_word' id='word_1_20' title='bbox 1153 872 1332 956; x_wconf 83' lang='lat' dir='ltr'><strong>Aristopha-</strong></span> 
     </span>
     <span class='ocr_line' id='line_1_4' title="bbox 210 983 1331 1066; baseline 0 -19"><span class='ocrx_word' id='word_1_21' title='bbox 210 985 286 1047; x_wconf 90' lang='lat' dir='ltr'><strong>neis.</strong></span> <span class='ocrx_word' id='word_1_22' title='bbox 313 987 462 1047; x_wconf 76' lang='lat' dir='ltr'><strong>Attamen</strong></span> <span class='ocrx_word' id='word_1_23' title='bbox 486 983 575 1064; x_wconf 75' lang='grc' dir='ltr'><em>ἄγρια</em></span> <span class='ocrx_word' id='word_1_24' title='bbox 599 983 678 1048; x_wconf 73' lang='grc' dir='ltr'><em>κακοί</em></span> <span class='ocrx_word' id='word_1_25' title='bbox 703 985 835 1047; x_wconf 90' lang='lat' dir='ltr'><strong>sermoni</strong></span> <span class='ocrx_word' id='word_1_26' title='bbox 859 984 1047 1047; x_wconf 84' lang='lat' dir='ltr'><strong>comicorum</strong></span> <span class='ocrx_word' id='word_1_27' title='bbox 1070 1006 1132 1047; x_wconf 92' lang='lat' dir='ltr'><strong>non</strong></span> <span class='ocrx_word' id='word_1_28' title='bbox 1158 1006 1331 1066; x_wconf 85' lang='lat' dir='ltr'><strong>congruum</strong></span> 
     </span>
     <span class='ocr_line' id='line_1_5' title="bbox 193 1090 1332 1181; baseline -0.001 -21"><span class='ocrx_word' id='word_1_29' title='bbox 193 1090 258 1160; x_wconf 72' lang='lat' dir='ltr'><strong>&#39;est</strong></span> <span class='ocrx_word' id='word_1_30' title='bbox 287 1120 388 1180; x_wconf 89' lang='lat' dir='ltr'><strong>neque</strong></span> <span class='ocrx_word' id='word_1_31' title='bbox 420 1120 551 1181; x_wconf 84' lang='lat' dir='ltr'><strong>usquam</strong></span> <span class='ocrx_word' id='word_1_32' title='bbox 578 1099 610 1160; x_wconf 94' lang='lat' dir='ltr'><strong>in</strong></span> <span class='ocrx_word' id='word_1_33' title='bbox 635 1098 792 1161; x_wconf 85' lang='lat' dir='ltr'><strong>comoedia</strong></span> <span class='ocrx_word' id='word_1_34' title='bbox 816 1096 913 1177; x_wconf 71' lang='grc' dir='ltr'><em>ἄγριος</em></span> <span class='ocrx_word' id='word_1_35' title='bbox 936 1097 993 1160; x_wconf 90' lang='lat' dir='ltr'><strong>hoc</strong></span> <span class='ocrx_word' id='word_1_36' title='bbox 1016 1098 1193 1181; x_wconf 87' lang='lat' dir='ltr'><strong>significatu</strong></span> <span class='ocrx_word' id='word_1_37' title='bbox 1215 1098 1332 1160; x_wconf 81' lang='lat' dir='ltr'><strong>inveni-</strong></span> 
     </span>
     <span class='ocr_line' id='line_1_6' title="bbox 210 1209 1328 1294; baseline -0.001 -20"><span class='ocrx_word' id='word_1_38' title='bbox 210 1218 272 1274; x_wconf 88' lang='lat' dir='ltr'><strong>tur.</strong></span> <span class='ocrx_word' id='word_1_39' title='bbox 297 1210 419 1294; x_wconf 83' lang='lat' dir='ltr'><strong>Tragici</strong></span> <span class='ocrx_word' id='word_1_40' title='bbox 442 1211 662 1290; x_wconf 76' lang='grc' dir='ltr'><strong>(11111111οὶγρ1α</strong></span> <span class='ocrx_word' id='word_1_41' title='bbox 687 1211 774 1289; x_wconf 77' lang='grc' dir='ltr'><strong>νόσος,</strong></span> <span class='ocrx_word' id='word_1_42' title='bbox 800 1210 893 1294; x_wconf 82' lang='lat' dir='ltr'><strong>Soph.</strong></span> <span class='ocrx_word' id='word_1_43' title='bbox 918 1210 999 1273; x_wconf 85' lang='lat' dir='ltr'><strong>Phil.</strong></span> <span class='ocrx_word' id='word_1_44' title='bbox 1022 1212 1093 1290; x_wconf 99' lang='grc'><strong>173,</strong></span> <span class='ocrx_word' id='word_1_45' title='bbox 1115 1211 1189 1274; x_wconf 82' lang='lat' dir='ltr'><strong>Eur.</strong></span> <span class='ocrx_word' id='word_1_46' title='bbox 1209 1209 1262 1273; x_wconf 88' lang='lat' dir='ltr'><strong>Or.</strong></span> <span class='ocrx_word' id='word_1_47' title='bbox 1277 1212 1328 1289; x_wconf 80' lang='lat'><strong>34,</strong></span> 
     </span>
     <span class='ocr_line' id='line_1_7' title="bbox 211 1322 1332 1405; baseline -0.001 -19"><span class='ocrx_word' id='word_1_48' title='bbox 211 1323 299 1403; x_wconf 73' lang='grc' dir='ltr'><em>ἄγρια</em></span> <span class='ocrx_word' id='word_1_49' title='bbox 332 1324 503 1404; x_wconf 78' lang='grc' dir='ltr'><em>τραύματα,</em></span> <span class='ocrx_word' id='word_1_50' title='bbox 538 1325 613 1386; x_wconf 78' lang='lat' dir='ltr'><strong>Eur.</strong></span> <span class='ocrx_word' id='word_1_51' title='bbox 644 1323 742 1387; x_wconf 87' lang='lat' dir='ltr'><strong>Andr.</strong></span> <span class='ocrx_word' id='word_1_52' title='bbox 774 1327 869 1386; x_wconf 88' lang='grc'><strong>1155.</strong></span> <span class='ocrx_word' id='word_1_53' title='bbox 902 1322 1110 1405; x_wconf 77' lang='lat' dir='ltr'><strong>Etragoedia</strong></span> <span class='ocrx_word' id='word_1_54' title='bbox 1133 1325 1230 1405; x_wconf 85' lang='lat' dir='ltr'><strong>igitur</strong></span> <span class='ocrx_word' id='word_1_55' title='bbox 1252 1323 1332 1386; x_wconf 88' lang='lat' dir='ltr'><strong>hanc</strong></span> 
     </span>
     <span class='ocr_line' id='line_1_8' title="bbox 210 1435 1331 1519; baseline -0.001 -20"><span class='ocrx_word' id='word_1_56' title='bbox 210 1435 399 1499; x_wconf 87' lang='lat' dir='ltr'><strong>locutionem</strong></span> <span class='ocrx_word' id='word_1_57' title='bbox 430 1435 598 1519; x_wconf 79' lang='lat' dir='ltr'><strong>depromsit</strong></span> <span class='ocrx_word' id='word_1_58' title='bbox 629 1435 861 1519; x_wconf 79' lang='lat' dir='ltr'><strong>Aristophanes,</strong></span> <span class='ocrx_word' id='word_1_59' title='bbox 893 1435 946 1497; x_wconf 90' lang='lat' dir='ltr'><strong>scd</strong></span> <span class='ocrx_word' id='word_1_60' title='bbox 977 1440 1100 1498; x_wconf 92' lang='lat' dir='ltr'><strong>tantum</strong></span> <span class='ocrx_word' id='word_1_61' title='bbox 1133 1443 1171 1497; x_wconf 89' lang='lat' dir='ltr'><strong>ut</strong></span> <span class='ocrx_word' id='word_1_62' title='bbox 1201 1436 1331 1498; x_wconf 89' lang='lat' dir='ltr'><strong>occasio·</strong></span> 
     </span>
    </p>
   </div>
   <div class='ocr_carea' id='block_1_3' title="bbox 210 1547 1006 1630">
    <p class='ocr_par' dir='ltr' id='par_1_3' title="bbox 210 1547 1006 1630">
     <span class='ocr_line' id='line_1_9' title="bbox 210 1547 1006 1630; baseline 0.001 -22"><span class='ocrx_word' id='word_1_63' title='bbox 210 1569 281 1609; x_wconf 91' lang='lat' dir='ltr'><strong>nem</strong></span> <span class='ocrx_word' id='word_1_64' title='bbox 305 1548 453 1630; x_wconf 83' lang='lat' dir='ltr'><strong>reperiret</strong></span> <span class='ocrx_word' id='word_1_65' title='bbox 477 1549 635 1629; x_wconf 91' lang='lat' dir='ltr'><strong>sequentis</strong></span> <span class='ocrx_word' id='word_1_66' title='bbox 659 1567 764 1609; x_wconf 86' lang='lat' dir='ltr'><strong>versus</strong></span> <span class='ocrx_word' id='word_1_67' title='bbox 787 1547 1006 1629; x_wconf 86' lang='lat' dir='ltr'><strong>subiungendi‚</strong></span> 
     </span>
    </p>
   </div>
   <div class='ocr_carea' id='block_1_4' title="bbox 410 1691 1171 1774">
    <p class='ocr_par' dir='ltr' id='par_1_4' title="bbox 410 1691 1171 1774">
     <span class='ocr_line' id='line_1_10' title="bbox 410 1691 1171 1774; baseline -0.001 -17"><span class='ocrx_word' id='word_1_68' title='bbox 410 1691 458 1757; x_wconf 67' lang='grc' dir='ltr'><strong>οἵτ’</strong></span> <span class='ocrx_word' id='word_1_69' title='bbox 482 1695 510 1757; x_wconf 81' lang='grc' dir='ltr'><strong>ἕν</strong></span> <span class='ocrx_word' id='word_1_70' title='bbox 533 1694 653 1773; x_wconf 75' lang='grc' dir='ltr'><em>οὶγρίασο</em></span> <span class='ocrx_word' id='word_1_71' title='bbox 676 1701 737 1765; x_wconf 79' lang='grc' dir='ltr'><em>τοῖς</em></span> <span class='ocrx_word' id='word_1_72' title='bbox 759 1693 904 1773; x_wconf 74' lang='grc' dir='ltr'><em>λαχοὶνοος</em></span> <span class='ocrx_word' id='word_1_73' title='bbox 928 1695 1017 1765; x_wconf 80' lang='grc' dir='ltr'><em>αὐτὸς</em></span> <span class='ocrx_word' id='word_1_74' title='bbox 1041 1694 1171 1774; x_wconf 79' lang='grc' dir='ltr'><strong>τραφείς.</strong></span> 
     </span>
    </p>
   </div>
   <div class='ocr_carea' id='block_1_5' title="bbox 209 1840 1331 2598">
    <p class='ocr_par' dir='ltr' id='par_1_5' title="bbox 209 1840 1331 2598">
     <span class='ocr_line' id='line_1_11' title="bbox 210 1840 1329 1925; baseline 0 -22"><span class='ocrx_word' id='word_1_75' title='bbox 210 1863 272 1924; x_wconf 92' lang='lat' dir='ltr'><strong>quo</strong></span> <span class='ocrx_word' id='word_1_76' title='bbox 296 1840 385 1917; x_wconf 89' lang='lat' dir='ltr'><strong>ridet,</strong></span> <span class='ocrx_word' id='word_1_77' title='bbox 411 1841 463 1903; x_wconf 89' lang='lat' dir='ltr'><strong>sed</strong></span> <span class='ocrx_word' id='word_1_78' title='bbox 487 1863 550 1903; x_wconf 92' lang='lat' dir='ltr'><strong>non</strong></span> <span class='ocrx_word' id='word_1_79' title='bbox 572 1841 739 1904; x_wconf 87' lang='lat' dir='ltr'><strong>admodum</strong></span> <span class='ocrx_word' id='word_1_80' title='bbox 764 1841 870 1919; x_wconf 84' lang='lat' dir='ltr'><strong>facete,</strong></span> <span class='ocrx_word' id='word_1_81' title='bbox 896 1841 1098 1925; x_wconf 82' lang='lat' dir='ltr'><strong>etymologias</strong></span> <span class='ocrx_word' id='word_1_82' title='bbox 1118 1848 1149 1903; x_wconf 94' lang='grc'><strong>11</strong></span> <span class='ocrx_word' id='word_1_83' title='bbox 1166 1840 1329 1904; x_wconf 88' lang='lat' dir='ltr'><strong>verborum</strong></span> 
     </span>
     <span class='ocr_line' id='line_1_12' title="bbox 211 1952 1331 2036; baseline 0.002 -22"><span class='ocrx_word' id='word_1_84' title='bbox 211 1952 300 2015; x_wconf 91' lang='lat' dir='ltr'><strong>lusus</strong></span> <span class='ocrx_word' id='word_1_85' title='bbox 336 1975 414 2036; x_wconf 88' lang='lat' dir='ltr'><strong>quos</strong></span> <span class='ocrx_word' id='word_1_86' title='bbox 445 1953 590 2015; x_wconf 87' lang='lat' dir='ltr'><strong>amabant</strong></span> <span class='ocrx_word' id='word_1_87' title='bbox 620 1953 731 2036; x_wconf 79' lang='lat' dir='ltr'><strong>tragici</strong></span> <span class='ocrx_word' id='word_1_88' title='bbox 761 1958 815 2015; x_wconf 90' lang='lat' dir='ltr'><strong>ut:</strong></span> <span class='ocrx_word' id='word_1_89' title='bbox 848 1952 1014 2032; x_wconf 78' lang='grc' dir='ltr'><em>Μελέαγρε,</em></span> <span class='ocrx_word' id='word_1_90' title='bbox 1047 1952 1158 2030; x_wconf 72' lang='grc' dir='ltr'><em>μελέαν</em></span> <span class='ocrx_word' id='word_1_91' title='bbox 1184 1952 1240 2032; x_wconf 77' lang='grc' dir='ltr'><strong>γοέρ</strong></span> <span class='ocrx_word' id='word_1_92' title='bbox 1265 1954 1331 2016; x_wconf 59' lang='lat' dir='ltr'><strong>noo)</strong></span> 
     </span>
     <span class='ocr_line' id='line_1_13' title="bbox 212 2063 1328 2147; baseline -0.002 -20"><span class='ocrx_word' id='word_1_93' title='bbox 212 2064 341 2144; x_wconf 71' lang='grc' dir='ltr'><em>ἀγρεύεος</em></span> <span class='ocrx_word' id='word_1_94' title='bbox 370 2063 465 2144; x_wconf 71' lang='grc' dir='ltr'><em>ἄγραν</em></span> <span class='ocrx_word' id='word_1_95' title='bbox 493 2064 569 2128; x_wconf 80' lang='lat' dir='ltr'><strong>Eur.</strong></span> <span class='ocrx_word' id='word_1_96' title='bbox 594 2065 629 2127; x_wconf 87' lang='lat' dir='ltr'><strong>fr.</strong></span> <span class='ocrx_word' id='word_1_97' title='bbox 657 2068 729 2127; x_wconf 93' lang='grc'><strong>521.</strong></span> <span class='ocrx_word' id='word_1_98' title='bbox 755 2071 786 2128; x_wconf 90' lang='grc'><strong>11</strong></span> <span class='ocrx_word' id='word_1_99' title='bbox 806 2065 919 2127; x_wconf 84' lang='lat' dir='ltr'><strong>similia</strong></span> <span class='ocrx_word' id='word_1_100' title='bbox 942 2065 980 2127; x_wconf 90' lang='grc'><strong>11.</strong></span> <span class='ocrx_word' id='word_1_101' title='bbox 1004 2064 1061 2147; x_wconf 85' lang='lat' dir='ltr'><strong>Eq.</strong></span> <span class='ocrx_word' id='word_1_102' title='bbox 1089 2066 1183 2144; x_wconf 91' lang='grc'><strong>1258,</strong></span> <span class='ocrx_word' id='word_1_103' title='bbox 1207 2063 1328 2127; x_wconf 84' lang='grc' dir='ltr'><strong>Τ1111111.</strong></span> 
     </span>
     <span class='ocr_line' id='line_1_14' title="bbox 211 2175 1330 2259; baseline 0 -21"><span class='ocrx_word' id='word_1_104' title='bbox 211 2178 285 2254; x_wconf 75' lang='grc'><strong>155,</strong></span> <span class='ocrx_word' id='word_1_105' title='bbox 313 2178 407 2253; x_wconf 88' lang='grc'><strong>1215,</strong></span> <span class='ocrx_word' id='word_1_106' title='bbox 432 2176 469 2238; x_wconf 87' lang='grc'><strong>11.</strong></span> <span class='ocrx_word' id='word_1_107' title='bbox 494 2178 568 2239; x_wconf 78' lang='grc'><strong>321.</strong></span> <span class='ocrx_word' id='word_1_108' title='bbox 594 2175 739 2240; x_wconf 83' lang='lat' dir='ltr'><strong>Ceterum</strong></span> <span class='ocrx_word' id='word_1_109' title='bbox 762 2200 799 2239; x_wconf 82' lang='lat' dir='ltr'><strong>ex</strong></span> <span class='ocrx_word' id='word_1_110' title='bbox 822 2176 879 2239; x_wconf 94' lang='lat' dir='ltr'><strong>hoc</strong></span> <span class='ocrx_word' id='word_1_111' title='bbox 898 2177 1030 2258; x_wconf 90' lang='lat' dir='ltr'><strong>aliisque</strong></span> <span class='ocrx_word' id='word_1_112' title='bbox 1050 2176 1188 2239; x_wconf 85' lang='lat' dir='ltr'><strong>eiusdem</strong></span> <span class='ocrx_word' id='word_1_113' title='bbox 1208 2177 1330 2259; x_wconf 84' lang='lat' dir='ltr'><strong>generis</strong></span> 
     </span>
     <span class='ocr_line' id='line_1_15' title="bbox 216 2288 1331 2373; baseline 0 -23"><span class='ocrx_word' id='word_1_114' title='bbox 216 2288 360 2351; x_wconf 91' lang='lat' dir='ltr'><strong>conviciis</strong></span> <span class='ocrx_word' id='word_1_115' title='bbox 384 2288 415 2351; x_wconf 94' lang='lat' dir='ltr'><strong>in</strong></span> <span class='ocrx_word' id='word_1_116' title='bbox 438 2288 620 2373; x_wconf 82' lang='lat' dir='ltr'><strong>Euripidem</strong></span> <span class='ocrx_word' id='word_1_117' title='bbox 648 2289 757 2350; x_wconf 88' lang='lat' dir='ltr'><strong>humili</strong></span> <span class='ocrx_word' id='word_1_118' title='bbox 781 2288 847 2351; x_wconf 93' lang='lat' dir='ltr'><strong>loco</strong></span> <span class='ocrx_word' id='word_1_119' title='bbox 872 2296 992 2367; x_wconf 90' lang='lat' dir='ltr'><strong>natum,</strong></span> <span class='ocrx_word' id='word_1_120' title='bbox 1015 2288 1092 2351; x_wconf 89' lang='lat' dir='ltr'><strong>Ach.</strong></span> <span class='ocrx_word' id='word_1_121' title='bbox 1110 2290 1185 2367; x_wconf 78' lang='lat'><strong>478,</strong></span> <span class='ocrx_word' id='word_1_122' title='bbox 1205 2289 1263 2371; x_wconf 80' lang='lat' dir='ltr'><strong>Eq.</strong></span> <span class='ocrx_word' id='word_1_123' title='bbox 1282 2291 1331 2365; x_wconf 88' lang='grc'><strong>19,</strong></span> 
     </span>
     <span class='ocr_line' id='line_1_16' title="bbox 210 2401 1331 2486; baseline 0.002 -23"><span class='ocrx_word' id='word_1_124' title='bbox 210 2401 288 2464; x_wconf 84' lang='lat' dir='ltr'><strong>Ran.</strong></span> <span class='ocrx_word' id='word_1_125' title='bbox 322 2404 396 2478; x_wconf 73' lang='lat'><strong>840,</strong></span> <span class='ocrx_word' id='word_1_126' title='bbox 428 2401 574 2464; x_wconf 88' lang='lat' dir='ltr'><strong>docemur</strong></span> <span class='ocrx_word' id='word_1_127' title='bbox 606 2407 723 2484; x_wconf 87' lang='lat' dir='ltr'><strong>quanto</strong></span> <span class='ocrx_word' id='word_1_128' title='bbox 754 2424 856 2464; x_wconf 90' lang='lat' dir='ltr'><strong>amore</strong></span> <span class='ocrx_word' id='word_1_129' title='bbox 880 2402 1079 2485; x_wconf 85' lang='lat' dir='ltr'><strong>optimatium</strong></span> <span class='ocrx_word' id='word_1_130' title='bbox 1102 2401 1244 2486; x_wconf 87' lang='lat' dir='ltr'><strong>partibus</strong></span> <span class='ocrx_word' id='word_1_131' title='bbox 1268 2409 1331 2465; x_wconf 91' lang='lat' dir='ltr'><strong>stu-</strong></span> 
     </span>
     <span class='ocr_line' id='line_1_17' title="bbox 209 2512 945 2598; baseline 0.001 -23"><span class='ocrx_word' id='word_1_132' title='bbox 209 2512 296 2575; x_wconf 90' lang='lat' dir='ltr'><strong>deret</strong></span> <span class='ocrx_word' id='word_1_133' title='bbox 321 2512 553 2597; x_wconf 84' lang='lat' dir='ltr'><strong>Aristophanes,</strong></span> <span class='ocrx_word' id='word_1_134' title='bbox 577 2513 741 2597; x_wconf 87' lang='lat' dir='ltr'><strong>populares</strong></span> <span class='ocrx_word' id='word_1_135' title='bbox 765 2512 945 2598; x_wconf 90' lang='lat' dir='ltr'><strong>despiciens.</strong></span> 
     </span>
    </p>
   </div>
   <div class='ocr_carea' id='block_1_6' title="bbox 210 2787 1331 3096">
    <p class='ocr_par' dir='ltr' id='par_1_6' title="bbox 210 2787 1331 3096">
     <span class='ocr_line' id='line_1_18' title="bbox 211 2787 1331 2859; baseline 0.002 -2"><span class='ocrx_word' id='word_1_136' title='bbox 211 2787 591 2857; x_wconf 78' lang='grc'><strong>111.466-519.111(1.</strong></span> <span class='ocrx_word' id='word_1_137' title='bbox 627 2795 675 2857; x_wconf 91' lang='lat' dir='ltr'><strong>ad.</strong></span> <span class='ocrx_word' id='word_1_138' title='bbox 710 2795 787 2857; x_wconf 89' lang='lat' dir='ltr'><strong>Ach.</strong></span> <span class='ocrx_word' id='word_1_139' title='bbox 824 2797 1009 2857; x_wconf 76' lang='lat' dir='ltr'><strong>seo-556.</strong></span> <span class='ocrx_word' id='word_1_140' title='bbox 1045 2796 1217 2859; x_wconf 82' lang='lat' dir='ltr'><strong>Scholiasta</strong></span> <span class='ocrx_word' id='word_1_141' title='bbox 1252 2795 1331 2859; x_wconf 91' lang='lat' dir='ltr'><strong>nihil</strong></span> 
     </span>
     <span class='ocr_line' id='line_1_19' title="bbox 210 2906 1330 2989; baseline 0.004 -22"><span class='ocrx_word' id='word_1_142' title='bbox 210 2911 340 2968; x_wconf 87' lang='lat' dir='ltr'><strong>annotat</strong></span> <span class='ocrx_word' id='word_1_143' title='bbox 370 2906 431 2968; x_wconf 91' lang='lat' dir='ltr'><strong>nisi</strong></span> <span class='ocrx_word' id='word_1_144' title='bbox 461 2907 501 2969; x_wconf 87' lang='lat' dir='ltr'><strong>ad</strong></span> <span class='ocrx_word' id='word_1_145' title='bbox 532 2928 575 2968; x_wconf 78' lang='lat' dir='ltr'><strong>vs,</strong></span> <span class='ocrx_word' id='word_1_146' title='bbox 610 2909 689 2969; x_wconf 82' lang='lat'>518:</span> <span class='ocrx_word' id='word_1_147' title='bbox 721 2906 803 2986; x_wconf 71' lang='lat' dir='ltr'><strong>rapot</strong></span> <span class='ocrx_word' id='word_1_148' title='bbox 825 2906 864 2969; x_wconf 71' lang='lat' dir='ltr'><strong>sal</strong></span> <span class='ocrx_word' id='word_1_149' title='bbox 886 2908 919 2970; x_wconf 82' lang='grc' dir='ltr'><strong>ἐκ</strong></span> <span class='ocrx_word' id='word_1_150' title='bbox 942 2906 1093 2989; x_wconf 70' lang='grc' dir='ltr'><strong>Τηλέφου.</strong></span> <span class='ocrx_word' id='word_1_151' title='bbox 1120 2909 1143 2970; x_wconf 81' lang='grc' dir='ltr'><strong>εἷ</strong></span> <span class='ocrx_word' id='word_1_152' title='bbox 1167 2908 1200 2980; x_wconf 72' lang='grc' dir='ltr'><strong>δὴ</strong></span> <span class='ocrx_word' id='word_1_153' title='bbox 1226 2908 1330 2985; x_wconf 77' lang='grc' dir='ltr'><em>θυμού-</em></span> 
     </span>
     <span class='ocr_line' id='line_1_20' title="bbox 210 3019 369 3096; baseline -0.006 -14"><span class='ocrx_word' id='word_1_154' title='bbox 210 3020 287 3096; x_wconf 63' lang='lat' dir='ltr'><strong>peta</strong></span> <span class='ocrx_word' id='word_1_155' title='bbox 309 3019 369 3093; x_wconf 80' lang='grc' dir='ltr'><strong>κτέ.</strong></span> 
     </span>
    </p>
   </div>
   <div class='ocr_carea' id='block_1_7' title="bbox 214 3293 1231 3381">
    <p class='ocr_par' dir='ltr' id='par_1_7' title="bbox 214 3293 1231 3381">
     <span class='ocr_line' id='line_1_21' title="bbox 214 3293 1231 3381; baseline 0 -17"><span class='ocrx_word' id='word_1_156' title='bbox 214 3302 267 3365; x_wconf 81' lang='lat' dir='ltr'><strong>Vs.</strong></span> <span class='ocrx_word' id='word_1_157' title='bbox 294 3293 374 3363; x_wconf 84' lang='grc'><strong>582.</strong></span> <span class='ocrx_word' id='word_1_158' title='bbox 411 3301 441 3364; x_wconf 71' lang='lat' dir='ltr'><strong>sl</strong></span> <span class='ocrx_word' id='word_1_159' title='bbox 464 3301 489 3364; x_wconf 76' lang='grc' dir='ltr'><strong>δ’</strong></span> <span class='ocrx_word' id='word_1_160' title='bbox 515 3299 601 3373; x_wconf 78' lang='grc' dir='ltr'><strong>ἔστιν,</strong></span> <span class='ocrx_word' id='word_1_161' title='bbox 627 3295 744 3376; x_wconf 73' lang='grc' dir='ltr'><strong>1111αῆ</strong></span> <span class='ocrx_word' id='word_1_162' title='bbox 769 3301 872 3364; x_wconf 77' lang='grc' dir='ltr'><em>παῖδα</em></span> <span class='ocrx_word' id='word_1_163' title='bbox 895 3300 953 3381; x_wconf 78' lang='grc' dir='ltr'><strong>γοέρ</strong></span> <span class='ocrx_word' id='word_1_164' title='bbox 976 3303 1004 3365; x_wconf 79' lang='grc' dir='ltr'><strong>σ’</strong></span> <span class='ocrx_word' id='word_1_165' title='bbox 1027 3303 1100 3375; x_wconf 78' lang='grc' dir='ltr'><strong><em>εἰκὸς</em></strong></span> <span class='ocrx_word' id='word_1_166' title='bbox 1124 3311 1231 3366; x_wconf 72' lang='grc' dir='ltr'><strong>καλεῖν.</strong></span> 
     </span>
    </p>
   </div>
   <div class='ocr_carea' id='block_1_8' title="bbox 210 3437 1331 4194">
    <p class='ocr_par' dir='ltr' id='par_1_8' title="bbox 210 3437 1331 4194">
     <span class='ocr_line' id='line_1_22' title="bbox 255 3437 1329 3523; baseline 0.003 -26"><span class='ocrx_word' id='word_1_167' title='bbox 255 3439 387 3503; x_wconf 86' lang='lat' dir='ltr'><strong>Versum</strong></span> <span class='ocrx_word' id='word_1_168' title='bbox 411 3440 565 3522; x_wconf 82' lang='lat' dir='ltr'><strong>tragicum</strong></span> <span class='ocrx_word' id='word_1_169' title='bbox 589 3438 713 3501; x_wconf 86' lang='lat' dir='ltr'><strong>subesse</strong></span> <span class='ocrx_word' id='word_1_170' title='bbox 737 3445 864 3522; x_wconf 86' lang='lat' dir='ltr'><strong>apparet</strong></span> <span class='ocrx_word' id='word_1_171' title='bbox 886 3439 913 3501; x_wconf 92' lang='lat' dir='ltr'><strong>si</strong></span> <span class='ocrx_word' id='word_1_172' title='bbox 935 3461 1145 3522; x_wconf 86' lang='lat' dir='ltr'><strong>comparamus</strong></span> <span class='ocrx_word' id='word_1_173' title='bbox 1167 3437 1260 3523; x_wconf 82' lang='lat' dir='ltr'><strong>Vesp.</strong></span> <span class='ocrx_word' id='word_1_174' title='bbox 1286 3461 1329 3503; x_wconf 89' lang='lat' dir='ltr'><strong>vs.</strong></span> 
     </span>
     <span class='ocr_line' id='line_1_23' title="bbox 215 3549 1331 3633; baseline -0.001 -19"><span class='ocrx_word' id='word_1_175' title='bbox 215 3554 310 3628; x_wconf 85' lang='grc'><strong>1297,</strong></span> <span class='ocrx_word' id='word_1_176' title='bbox 334 3552 389 3633; x_wconf 92' lang='lat' dir='ltr'><strong>qui</strong></span> <span class='ocrx_word' id='word_1_177' title='bbox 412 3573 450 3613; x_wconf 86' lang='grc'><strong>111</strong></span> <span class='ocrx_word' id='word_1_178' title='bbox 474 3550 613 3613; x_wconf 87' lang='lat' dir='ltr'><strong>eiusdem</strong></span> <span class='ocrx_word' id='word_1_179' title='bbox 637 3572 742 3613; x_wconf 88' lang='lat' dir='ltr'><strong>versus</strong></span> <span class='ocrx_word' id='word_1_180' title='bbox 765 3551 940 3613; x_wconf 89' lang='lat' dir='ltr'><strong>imitatione</strong></span> <span class='ocrx_word' id='word_1_181' title='bbox 964 3558 1057 3614; x_wconf 88' lang='lat' dir='ltr'><strong>natus</strong></span> <span class='ocrx_word' id='word_1_182' title='bbox 1082 3558 1138 3614; x_wconf 86' lang='lat' dir='ltr'><strong>est.</strong></span> <span class='ocrx_word' id='word_1_183' title='bbox 1164 3549 1237 3614; x_wconf 90' lang='lat' dir='ltr'><strong>Non</strong></span> <span class='ocrx_word' id='word_1_184' title='bbox 1261 3573 1331 3614; x_wconf 92' lang='lat' dir='ltr'><strong>con-</strong></span> 
     </span>
     <span class='ocr_line' id='line_1_24' title="bbox 211 3654 1331 3747; baseline 0 -21"><span class='ocrx_word' id='word_1_185' title='bbox 211 3669 272 3726; x_wconf 89' lang='lat' dir='ltr'><strong>stat</strong></span> <span class='ocrx_word' id='word_1_186' title='bbox 302 3663 341 3726; x_wconf 91' lang='lat' dir='ltr'><strong>de</strong></span> <span class='ocrx_word' id='word_1_187' title='bbox 360 3654 415 3725; x_wconf 78' lang='lat' dir='ltr'><strong>¹vs.</strong></span> <span class='ocrx_word' id='word_1_188' title='bbox 442 3664 515 3742; x_wconf 85' lang='grc'><strong>586,</strong></span> <span class='ocrx_word' id='word_1_189' title='bbox 540 3663 595 3745; x_wconf 95' lang='lat' dir='ltr'><strong>qui</strong></span> <span class='ocrx_word' id='word_1_190' title='bbox 618 3663 711 3724; x_wconf 88' lang='lat' dir='ltr'><strong>etiam</strong></span> <span class='ocrx_word' id='word_1_191' title='bbox 733 3663 925 3745; x_wconf 83' lang='lat' dir='ltr'><strong>tragoediam</strong></span> <span class='ocrx_word' id='word_1_192' title='bbox 948 3663 1037 3747; x_wconf 89' lang='lat' dir='ltr'><strong>sapit,</strong></span> <span class='ocrx_word' id='word_1_193' title='bbox 1062 3663 1130 3742; x_wconf 72' lang='grc' dir='ltr'><em>πρὸς</em></span> <span class='ocrx_word' id='word_1_194' title='bbox 1151 3670 1227 3726; x_wconf 77' lang='grc' dir='ltr'><em>ποῖον</em></span> <span class='ocrx_word' id='word_1_195' title='bbox 1251 3661 1331 3742; x_wconf 78' lang='grc' dir='ltr'><em>ἔργον</em></span> 
     </span>
     <span class='ocr_line' id='line_1_25' title="bbox 211 3773 1330 3858; baseline 0 -20"><span class='ocrx_word' id='word_1_196' title='bbox 211 3773 228 3848; x_wconf 72' lang='grc' dir='ltr'>ἢ</span> <span class='ocrx_word' id='word_1_197' title='bbox 253 3775 326 3847; x_wconf 80' lang='grc' dir='ltr'><em>τίνος</em></span> <span class='ocrx_word' id='word_1_198' title='bbox 350 3776 471 3852; x_wconf 73' lang='grc' dir='ltr'><em>γνώμης</em></span> <span class='ocrx_word' id='word_1_199' title='bbox 493 3775 597 3854; x_wconf 64' lang='grc' dir='ltr'><em>χώρας</em></span> <span class='ocrx_word' id='word_1_200' title='bbox 624 3773 713 3837; x_wconf 91' lang='lat' dir='ltr'><strong>Idem</strong></span> <span class='ocrx_word' id='word_1_201' title='bbox 737 3796 828 3858; x_wconf 90' lang='lat' dir='ltr'><strong>porro</strong></span> <span class='ocrx_word' id='word_1_202' title='bbox 851 3781 897 3837; x_wconf 91' lang='lat' dir='ltr'><strong>est</strong></span> <span class='ocrx_word' id='word_1_203' title='bbox 920 3775 1059 3838; x_wconf 89' lang='lat' dir='ltr'><strong>incessus</strong></span> <span class='ocrx_word' id='word_1_204' title='bbox 1083 3775 1230 3838; x_wconf 88' lang='lat' dir='ltr'><strong>orationis</strong></span> <span class='ocrx_word' id='word_1_205' title='bbox 1254 3773 1330 3838; x_wconf 86' lang='lat' dir='ltr'><strong>Clis-</strong></span> 
     </span>
     <span class='ocr_line' id='line_1_26' title="bbox 210 3885 1331 3969; baseline 0.001 -21"><span class='ocrx_word' id='word_1_206' title='bbox 210 3886 312 3950; x_wconf 88' lang='lat' dir='ltr'><strong>thenis</strong></span> <span class='ocrx_word' id='word_1_207' title='bbox 342 3888 405 3950; x_wconf 80' lang='grc'><strong>5711</strong></span> <span class='ocrx_word' id='word_1_208' title='bbox 429 3907 494 3969; x_wconf 91' lang='lat' dir='ltr'><strong>sqq.</strong></span> <span class='ocrx_word' id='word_1_209' title='bbox 521 3892 553 3948; x_wconf 90' lang='grc'><strong>11</strong></span> <span class='ocrx_word' id='word_1_210' title='bbox 575 3887 706 3949; x_wconf 88' lang='lat' dir='ltr'><strong>ancillae</strong></span> <span class='ocrx_word' id='word_1_211' title='bbox 728 3887 803 3949; x_wconf 82' lang='lat' dir='ltr'><strong>Eur.</strong></span> <span class='ocrx_word' id='word_1_212' title='bbox 829 3886 927 3949; x_wconf 89' lang='lat' dir='ltr'><strong>Andr.</strong></span> <span class='ocrx_word' id='word_1_213' title='bbox 954 3889 994 3949; x_wconf 86' lang='grc'><strong>56</strong></span> <span class='ocrx_word' id='word_1_214' title='bbox 1020 3909 1085 3968; x_wconf 89' lang='lat' dir='ltr'><strong>sqq.</strong></span> <span class='ocrx_word' id='word_1_215' title='bbox 1112 3885 1203 3949; x_wconf 90' lang='lat' dir='ltr'><strong>Absit</strong></span> <span class='ocrx_word' id='word_1_216' title='bbox 1225 3892 1331 3950; x_wconf 87' lang='lat' dir='ltr'><strong>tamen</strong></span> 
     </span>
     <span class='ocr_line' id='line_1_27' title="bbox 210 3996 1330 4082; baseline 0.001 -21"><span class='ocrx_word' id='word_1_217' title='bbox 210 4006 248 4061; x_wconf 89' lang='lat' dir='ltr'><strong>ut</strong></span> <span class='ocrx_word' id='word_1_218' title='bbox 283 3998 498 4082; x_wconf 87' lang='lat' dir='ltr'><strong>Aristophanis</strong></span> <span class='ocrx_word' id='word_1_219' title='bbox 528 3996 620 4060; x_wconf 88' lang='lat' dir='ltr'><strong>verba</strong></span> <span class='ocrx_word' id='word_1_220' title='bbox 651 3998 746 4062; x_wconf 90' lang='lat' dir='ltr'><strong>huius</strong></span> <span class='ocrx_word' id='word_1_221' title='bbox 776 3998 836 4061; x_wconf 89' lang='lat' dir='ltr'><strong>loci</strong></span> <span class='ocrx_word' id='word_1_222' title='bbox 863 3997 1021 4082; x_wconf 87' lang='lat' dir='ltr'><strong>parodiam</strong></span> <span class='ocrx_word' id='word_1_223' title='bbox 1045 4021 1109 4061; x_wconf 90' lang='lat' dir='ltr'><strong>esse</strong></span> <span class='ocrx_word' id='word_1_224' title='bbox 1134 3998 1330 4062; x_wconf 87' lang='lat' dir='ltr'><strong>contendam.</strong></span> 
     </span>
     <span class='ocr_line' id='line_1_28' title="bbox 211 4109 1328 4194; baseline 0 -22"><span class='ocrx_word' id='word_1_225' title='bbox 211 4109 260 4173; x_wconf 83' lang='lat' dir='ltr'><strong>lta</strong></span> <span class='ocrx_word' id='word_1_226' title='bbox 293 4111 374 4174; x_wconf 91' lang='lat' dir='ltr'><strong>enim</strong></span> <span class='ocrx_word' id='word_1_227' title='bbox 409 4111 537 4173; x_wconf 87' lang='lat' dir='ltr'><strong>triverat</strong></span> <span class='ocrx_word' id='word_1_228' title='bbox 573 4111 704 4193; x_wconf 83' lang='lat' dir='ltr'><strong>tragicos</strong></span> <span class='ocrx_word' id='word_1_229' title='bbox 736 4111 872 4173; x_wconf 88' lang='lat' dir='ltr'><strong>comicus</strong></span> <span class='ocrx_word' id='word_1_230' title='bbox 907 4117 944 4172; x_wconf 91' lang='lat' dir='ltr'><strong>ut</strong></span> <span class='ocrx_word' id='word_1_231' title='bbox 974 4133 1073 4194; x_wconf 86' lang='lat' dir='ltr'><strong>saepe,</strong></span> <span class='ocrx_word' id='word_1_232' title='bbox 1104 4110 1160 4173; x_wconf 91' lang='lat' dir='ltr'><strong>ubi</strong></span> <span class='ocrx_word' id='word_1_233' title='bbox 1193 4111 1328 4192; x_wconf 86' lang='lat' dir='ltr'><strong>graviter</strong></span> 
     </span>
    </p>
   </div>
   <div class='ocr_carea' id='block_1_9' title="bbox 210 4221 1329 4400">
    <p class='ocr_par' dir='ltr' id='par_1_9' title="bbox 210 4221 1329 4400">
     <span class='ocr_line' id='line_1_29' title="bbox 210 4221 1329 4307; baseline 0 -23"><span class='ocrx_word' id='word_1_234' title='bbox 210 4223 372 4305; x_wconf 91' lang='lat' dir='ltr'><strong>loquentes</strong></span> <span class='ocrx_word' id='word_1_235' title='bbox 406 4223 567 4286; x_wconf 86' lang='lat' dir='ltr'><strong>induceret</strong></span> <span class='ocrx_word' id='word_1_236' title='bbox 598 4244 752 4307; x_wconf 87' lang='lat' dir='ltr'><strong>personas,</strong></span> <span class='ocrx_word' id='word_1_237' title='bbox 783 4222 963 4306; x_wconf 88' lang='lat' dir='ltr'><strong>imprudens</strong></span> <span class='ocrx_word' id='word_1_238' title='bbox 991 4245 1041 4286; x_wconf 86' lang='lat' dir='ltr'><strong>eos</strong></span> <span class='ocrx_word' id='word_1_239' title='bbox 1071 4223 1256 4286; x_wconf 87' lang='lat' dir='ltr'><strong>imitaretur.</strong></span> <span class='ocrx_word' id='word_1_240' title='bbox 1283 4221 1329 4285; x_wconf 84' lang='lat' dir='ltr'><strong>Of.</strong></span> 
     </span>
     <span class='ocr_line' id='line_1_30' title="bbox 211 4336 428 4400; baseline 0.005 -1"><span class='ocrx_word' id='word_1_241' title='bbox 211 4337 248 4399; x_wconf 90' lang='grc'><strong>11.</strong></span> <span class='ocrx_word' id='word_1_242' title='bbox 274 4336 328 4399; x_wconf 88' lang='lat' dir='ltr'><strong>Ar.</strong></span> <span class='ocrx_word' id='word_1_243' title='bbox 354 4339 428 4400; x_wconf 87' lang='grc'><strong>397.</strong></span> 
     </span>
    </p>
   </div>
   <div class='ocr_carea' id='block_1_10' title="bbox 0 0 1615 5370">
    <p class='ocr_par' dir='ltr' id='par_1_10' title="bbox 0 0 1615 5370">
     <span class='ocr_line' id='line_1_31' title="bbox 0 0 1615 5370; baseline 0 0"><span class='ocrx_word' id='word_1_244' title='bbox 0 0 1615 5370; x_wconf 95' lang='lat' dir='ltr'><strong> </strong></span> 
     </span>
    </p>
   </div>
  </div>
 </body>
</html>
