3218 5370
746 664 868 709 1111111.
1279 646 1340 708 lar

292 831 375 917 Hyg.
407 831 466 894 fab.
493 835 545 895 19.
568 832 730 909 „Ptn'neno
754 831 894 912 Apenorie
911 831 1001 914 filine
1029 831 1185 893 theoren
1210 832 1366 911 Cleopatra

245 948 348 1010 roton
371 947 456 1029 fitioe
484 948 564 1008 dnoe.
596 945 630 1007 ln·
657 968 676 1006 o
697 950 785 1024 patre
808 965 944 1005 nooerene
969 943 1089 1005 erimine
1112 944 1259 1005 eneoeeeti
1283 951 1364 1006 ennt.

245 1061 327 1123 Hnie
354 1059 442 1122 etiarn
464 1059 577 1120 Ploineo
600 1059 703 1138 Apollo
726 1057 882 1136 onpnre'nrn
906 1057 1017 1119 (tertione
1040 1057 1160 1120 dicitnr.
1182 1057 1229 1119 no·
1249 1059 1366 1120 (leorrnn

246 1172 368 1236 coneilio
404 1194 467 1233 enno
497 1169 668 1232 ennner'oret
698 1171 733 1231 ob
763 1169 831 1230 Ioee
861 1176 904 1230 eet
933 1176 1104 1231 eneneeotne
1131 1177 1160 1231 et
1182 1170 1317 1249 opponent
1340 1170 1367 1231 ei

246 1283 401 1366 Harpyiae
424 1304 499 1365 qnae
522 1282 601 1344 Ioor'e
624 1303 709 1343 coneo
732 1303 791 1343 eene
814 1281 955 1343 rtienntnr
979 1303 1053 1363 qnne
1071 1303 1164 1343 eoeonr
1184 1283 1219 1342 01
1239 1303 1286 1343 ore
1305 1282 1367 1344 einr

245 1397 413 1480 auferrent.
447 1395 517 1457 Hno
546 1416 609 1456 enne
633 1398 821 1474 Arponontne
844 1393 1025 1456 devenissent
1048 1400 1076 1455 et
1099 1415 1162 1454 enne
1187 1392 1243 1454 iter
1265 1400 1299 1454 nt
1322 1397 1367 1455 rte-

246 1516 420 1571 monotroret
442 1514 588 1588 roporent,
613 1507 690 1569 otinit
714 1528 744 1568 ee
767 1509 1030 1568 demonstrotnrnno
1054 1505 1082 1567 oi
1104 1527 1167 1567 ernn
1182 1527 1280 1586 poene
1298 1506 1367 1566 tibe-

244 1627 356 1684 rorent.
393 1621 472 1682 Tune
501 1619 583 1681 Zeten
606 1626 634 1681 et
660 1618 763 1681 Cotoin
783 1619 938 1701 Apollonio
962 1618 1041 1681 nenti
1063 1625 1091 1680 et
1119 1617 1273 1700 Orithyiae
1289 1618 1365 1700 filii,

245 1733 297 1817 qni
324 1752 438 1814 pennen
462 1732 494 1793 in
517 1731 612 1812 eapite
634 1738 662 1793 et
687 1732 718 1793 in
740 1732 860 1812 periitne
882 1731 1016 1793 trebnieee
1038 1731 1188 1805 dienntnr,
1212 1730 1367 1812 Hnrpnine

236 1850 428 1933 fnpeoernnt
452 1845 483 1906 in
509 1845 623 1907 inenteo
648 1845 828 1924 Stroplrorlne
847 1851 876 1905 et
893 1843 1040 1905 Ptinenrn
1057 1865 1150 1923 poeno
1170 1842 1365 1904 liberarunt.”

288 1957 386 2020 Plura
416 1955 547 2019 tradunt
579 1955 724 2038 Apollod.
755 1956 775 2019 l.
807 1955 829 2020 l.
859 1962 891 2017 et
922 1953 976 2017 ΠΙ
1002 1957 1052 2017 15.
1076 1956 1105 2017 3.
1131 1954 1237 2037 Apoll.
1263 1952 1364 2017 Rhod.

244 2071 298 2135 lib.
322 2071 366 2135 H.
393 2070 494 2134 Sobel.
520 2070 579 2153 Ap.
604 2069 663 2132 Rh.
687 2068 704 2131 I
730 2071 803 2132 211.

289 2183 445 2260 Weleker,
470 2183 526 2265 qui
548 2181 763 2265 Tympanistos
787 2188 819 2243 et
840 2181 974 2243 alterum
996 2179 1150 2242 Phineum
1171 2179 1252 2242 idem
1270 2179 1364 2242 fuisse

245 2297 350 2359 drama
380 2294 521 2373 coniecit,
553 2292 664 2354 Phinei
695 2300 915 2374 argumentum
947 2293 1014 2354 erui
1045 2313 1131 2374 posse
1154 2291 1363 2354 arbitrature

246 2407 346 2471 Sehol.
372 2406 475 2491 Apoll.
500 2405 561 2469 Rh.
586 2411 618 2467 et
641 2403 700 2467 Od.
725 2425 804 2486 quoe
828 2404 976 2488 adscripsi
1000 2408 1031 2466 et
1054 2403 1112 2466 hoe
1134 2404 1225 2468 modo
1250 2405 1361 2467 consti-

246 2521 398 2584 tuendum
429 2542 510 2581 esse:
543 2519 728 2581 Eneoeontnr
759 2518 902 2594 Ptinene,
924 2519 976 2600 qni
998 2519 1156 2580 rnendneiie
1180 2519 1279 2580 onor-h
1299 2541 1363 2599 per-

247 2640 348 2711 motne,
372 2633 471 2695 tiberio
494 2634 589 2694 oenloe
612 2633 765 2715 effoderet.
790 2631 906 2693 Deinde
928 2633 964 2693 nh
986 2632 1133 2713 Horpnr'io
1155 2632 1317 2696 ernointnr.

285 2744 441 2807 Phineum
477 2742 684 2827 Sophocleum
720 2749 917 2805 excaecatum
950 2743 1045 2806 luisse
1076 2743 1234 2827 probabile
1265 2751 1312 2808 est
1346 2769 1362 2807 1

243 2857 422 2920 testimonio
454 2854 554 2918 Sohol.
586 2854 692 2938 Apoll.
723 2855 743 2917 l.
767 2853 800 2933 l.,
826 2855 927 2918 Sehol.
952 2855 1038 2920 Plut.
1064 2859 1126 2918 635
1151 2864 1182 2919 11
1204 2857 1241 2920 fr.
1267 2857 1361 2941 Soph.

245 2973 306 3032 616
330 2968 383 3048 Ν,
407 2970 468 3030 635
489 2966 540 3044 D„
563 2966 705 3046 6111111
725 2965 868 3046 ninnprrn'
885 2969 915 3044 γ’
932 2970 973 3039 ὡς
993 2969 1152 3040 nxnnnsr'on
1174 2967 1251 3048 triprn
1272 2970 1362 3032 ouius

242 3090 347 3144 tamen
371 3082 433 3144 duo
456 3080 624 3163 posteriora
643 3077 744 3158 verba,
768 3087 804 3141 ut
825 3079 885 3141 iam
907 3080 1028 3143 monuit
1047 3080 1100 3157 Ν,
1121 3081 1236 3144 eomioo
1256 3084 1363 3165 potius

242 3217 336 3277 quam
361 3192 505 3276 Sophocli
527 3190 693 3254 tribuenda
716 3197 800 3253 sunt.

285 3307 373 3370 Num
397 3327 469 3368 vero
494 3305 561 3366 iure
585 3303 738 3386 Harpyias
761 3304 794 3365 in
818 3302 924 3366 eodem
949 3303 1086 3368 dramate
1111 3312 1241 3388 quaerat
1261 3307 1363 3370 Welo-

241 3419 307 3496 ker,
344 3415 465 3482 dubito.
501 3415 528 3478 E
560 3416 597 3480 fr.
632 3417 693 3477 641
725 3413 778 3492 Ν,
813 3417 875 3477 636
907 3415 958 3495 D„
992 3418 1083 3496 νεκρὸς
1107 3416 1228 3497 τάριχος
1254 3419 1360 3499 εἰσορῶν

243 3531 414 3609 Αἰγύπτιος,
447 3527 541 3592 efficit
573 3528 657 3589 hune
687 3527 781 3590 fuisse
810 3527 934 3590 fabulae
966 3529 1102 3592 exitum:
1135 3530 1257 3606 „Aueb
1286 3531 1361 3594 wird

241 3645 341 3724 „dem
371 3642 511 3705 Phineus
543 3640 726 3723 angedrobt,
758 3664 819 3704 von
851 3642 921 3705 dem
945 3641 1040 3705 Gotte
1063 3643 1195 3706 uemlieh
1219 3643 1273 3706 der
1296 3645 1360 3707 ihm

241 3757 322 3836 „die
353 3755 514 3838 Harpyien
544 3752 728 3836 ankiindigt‚
754 3753 822 3816 dass
846 3777 878 3817 er
902 3756 1028 3839 geplagt
1051 3776 1111 3817 von
1134 3756 1238 3832 ihnen,
1263 3755 1360 3833 blind,

240 3872 324 3950 „das
346 3868 452 3932 Leben
478 3867 547 3930 dass
573 3889 605 3928 er
628 3866 825 3950 hinnugeben
849 3869 937 3930 nieht
959 3869 1051 3931 Kraft
1072 3891 1177 3952 genug
1195 3869 1292 3948 hatte,
1314 3869 1361 3932 bis

241 4007 341 4060 „num
374 3982 568 4046 Ueberdruss
602 3979 747 4044 behalten
777 3980 863 4058 sollo,
897 3979 944 4042 111
967 4003 999 4043 er
1023 3981 1106 4045 einer
1131 3981 1360 4065 Aegyptisohen

240 4097 392 4174 „Mumie
415 4097 518 4180 gleioh
542 4095 807 4181 eingeschrumpft
830 4094 896 4156 sein
920 4093 1055 4157 wiirde.”

284 4207 402 4271 Verum
427 4208 486 4271 boe
509 4209 726 4291 fragmentum,
752 4206 874 4269 etiamsi
898 4205 940 4268 sit
961 4206 1129 4290 SophocliS,
1151 4228 1253 4288 neque
1266 4206 1360 4270 iocosi

240 4318 373 4382 alieuius
402 4320 519 4396 comici,
552 4342 662 4403 parum
686 4319 806 4403 probat,
832 4317 887 4380 ubi
910 4317 1010 4379 multo
1035 4319 1149 4380 certius
1173 4317 1276 4380 obstat
1301 4325 1360 4380 tes-

239 4430 417 4495 timouium.
453 4429 570 4494 Versus
604 4431 687 4494 enim
720 4427 808 4492 Plnti
843 4431 917 4507 635,
955 4431 1030 4507 636,
1064 4450 1142 4511 qnos
1172 4436 1210 4492 ut
1241 4427 1360 4492 Phineo
