3218 5370
734 623 824 666 AVAS.

215 803 269 868 Vs.
296 797 400 868 1147.
430 805 467 895 τί
489 804 565 878 δῆτοο
588 804 674 876 πόδες
702 802 738 866 ο1ν
763 804 812 867 οὐκ
838 801 874 866 δον
897 801 1093 882 ἕρηοοσοιίοοτορ

267 917 369 981 Schol.
406 919 487 998 πονροῖ
516 916 569 989 την
600 916 774 997 ποορονμίοονε
806 916 837 979 τί
858 915 934 989 δεῖτοο
956 921 1122 995 χεῖρες-
1146 915 1342 996 ἕργοιοονίοοτος

222 1029 316 1111 Quod
338 1029 483 1094 Nauckio
508 1052 538 1114 p.
564 1032 625 1093 657
653 1052 669 1092 e
693 1027 854 1112 tragoedia
876 1027 1046 1111 repetitum
1068 1027 1202 1092 videtur.

218 1254 272 1319 Vs.
300 1246 414 1321 1183..
439 1253 519 1333 ονίδηρ
544 1253 676 1316 δονεῖται.

264 1365 397 1430 Locutio
429 1365 552 1428 comicis
583 1387 646 1427 non
676 1364 802 1427 usitata.
827 1362 865 1426 ln
892 1361 1100 1447 Aristophane
1124 1368 1342 1446 praeterquam

219 1480 278 1543 hoc
310 1479 376 1542 loco
401 1477 493 1541 semel
515 1477 660 1555 occurrit,
684 1477 718 1540 in
740 1476 874 1539 carmine
899 1475 983 1538 Eccl.
1009 1477 1072 1538 949
1098 1474 1185 1547 δεινός
1210 1499 1254 1547 τις
1277 1473 1343 1556 ἔρως

219 1616 258 1670 με
294 1592 376 1654 δονεῖ.
412 1589 665 1670 ’Τφοοντοδόνοοτος
697 1590 755 1652 Av.
785 1586 1060 1668 943,ο1εροδο’νητος
1084 1594 1116 1650 et
1140 1586 1344 1667 πτεροδόνητος

219 1703 277 1765 Ar.
311 1705 408 1779 1385,
441 1704 525 1764 1390
554 1701 588 1765 in
619 1702 745 1785 parodia
775 1701 953 1785 lyricorum.
978 1699 1018 1763 ln
1042 1699 1162 1783 reliqua
1186 1698 1343 1763 comoedia

218 1792 307 1878 lossii
330 1815 425 1878 semel
448 1815 574 1898 legitur,
598 1815 631 1877 in
651 1815 759 1898 fragm.
781 1812 996 1890 Mnesimachi,
1019 1813 1075 1895 qui
1094 1813 1245 1892 πονρῳδοῖνε
1266 1811 1345 1889 teat

219 1927 312 2004 οερονη
332 1935 467 2009 μυκτῆρος
492 1928 570 1991 δονεῖ.
595 1927 694 1991 Mein.
718 1926 773 1989 Ill
796 1949 826 2011 p.
842 1929 914 2005 570,
936 1950 979 1989 vs.
1003 1929 1054 1989 60.
1080 1924 1209 2010 Saepius
1228 1926 1261 1988 in
1281 1924 1344 1988 Ho-

220 2063 313 2119 mero,
339 2048 377 2103 ut
399 2040 440 2103 Il.
465 2040 532 2102 XII
557 2041 637 2103 157:
662 2040 755 2122 νὲφεοο
780 2041 914 2104 οκνόεντοο
941 2039 1074 2112 δονηοονς,
1105 2044 1200 2121 atque
1223 2038 1256 2100 in
1276 2037 1348 2100 Pin·
1379 2047 1382 2052 ’

225 2151 292 2215 dari
316 2158 347 2214 et
369 2151 526 2215 Theocriti
545 2152 743 2216 carminibus.
768 2151 878 2215 Utitur
903 2173 938 2215 eo
961 2149 1135 2235 Aeschylus
1156 2151 1230 2233 (non
1253 2149 1346 2233 Soph.

226 2287 327 2348 neque
357 2265 445 2349 Eur.)
477 2266 514 2329 fr.
539 2268 602 2329 394
625 2264 679 2343 Ν.,
705 2269 766 2329 391
793 2265 832 2329 D.
858 2263 992 2328 Videtur
1013 2264 1091 2327 mihi
1114 2264 1193 2344 οοὶδηρ
1218 2264 1341 2328 δονεῖτοον

221 2401 237 2440 e
260 2377 420 2461 tragoedia
442 2379 578 2463 petitum
603 2401 667 2442 esse
690 2385 722 2441 et
746 2377 853 2441 eodem
878 2377 1033 2462 pertinere
1057 2399 1119 2459 quo
1142 2399 1185 2439 vs.
1213 2378 1307 2440 1197.

442 2715 519 2787 δίνης
542 2716 684 2795 πτερωτὸς
707 2714 840 2796 <oldam
864 2712 1043 2788 ἕξοοκονετοον.

264 2828 311 2890 Do
347 2828 429 2891 hisce
464 2834 547 2891 recte
578 2829 692 2892 Nauck
720 2851 750 2913 p.
784 2831 845 2893 657
879 2826 1073 2911 „Tragicum
1096 2825 1228 2889 colorem
1251 2823 1341 2887 facile

221 2941 475 3024 „agnoscimus”
506 2940 623 3004 Tacent
654 2941 786 3004 Scholia.
818 2941 1017 3004 Adiectivum
1046 2939 1197 3018 πεδοὶρονος
1220 2959 1283 3001 non
1307 2937 1340 3000 in

219 3052 381 3137 Sophoclis
411 3074 512 3135 neque
543 3054 576 3116 in
606 3054 766 3138 Euripidis
788 3053 957 3137 tragoediis
980 3052 1115 3116 inveniri
1139 3055 1340 3135 (quamquam

217 3166 268 3228 hic
298 3165 439 3246 πεδοοίρενν
470 3165 573 3248 habet)
604 3166 658 3229 sed
690 3165 895 3249 Aeschyleum
927 3188 1001 3243 esse,
1034 3164 1138 3228 Prom.
1164 3167 1238 3241 269,
1265 3165 1338 3242 710,

219 3285 325 3341 monet
348 3277 446 3342 Kook.
471 3302 498 3341 a.
524 3279 553 3341 h.
573 3273 600 3341 1.
625 3279 764 3342 Metrum
787 3303 844 3342 vss.
873 3281 1089 3341 1188-1198
1109 3277 1263 3361 tragicum
1283 3283 1339 3339 est.

217 3389 456 3474 Paratragoedia
475 3392 598 3455 videtur
622 3390 751 3469 Kockio,
773 3391 826 3455 sed
850 3391 912 3454 vid.
937 3391 976 3454 ad
995 3414 1038 3454 vs.
1066 3393 1162 3453 1494.

215 3617 270 3682 Vs.
298 3608 401 3678 1229.
437 3615 476 3677 τὼ
501 3613 626 3693 πτέρυγε
649 3620 703 3676 ποῖ
724 3620 909 3688 νοουττολεῖςς

261 3727 402 3792 Verbum
431 3734 600 3790 νοονττολεῖν
623 3727 655 3789 in
680 3728 734 3789 Ar.
759 3725 925 3789 comoediis
948 3748 1011 3788 non
1035 3725 1095 3788 nisi
1119 3724 1174 3787 ubi
1203 3721 1405 3803 ποιρωδεῖ,

215 3842 338 3906 Thesm.
362 3843 458 3920 1191
477 3841 559 3903 sicut
577 3841 785 3903 νοονοθλοῦοθοον
804 3839 876 3902 Pac.
899 3842 971 3902 126.
990 3837 1135 3901 Occurr1t
1148 3835 1232 3920 apud
1244 3835 1336 3970 Soph.

215 3961 247 4017 et
268 3954 371 4033 Eury
388 3953 544 4024 νοούστολος
567 3975 616 4037 ap.
642 3949 840 4037 Aeschylum.

215 4176 269 4241 Vs.
296 4169 400 4239 1231.
425 4174 616 4256 Φροοοονοονθ
618 4173 674 4237 ύενν
696 4181 757 4245 τοῖς
779 4173 959 4249 Ὀλυμπίοις
984 4175 1054 4244 θεοῖς

440 4292 652 4367 μηλοσφαγεῖν
676 4310 709 4349 τε
733 4286 882 4370 βουθύτοις
905 4287 952 4348 ἐπ’
975 4284 1119 4364 εὀχοέροονς

437 4402 538 4463 κννοοῖν
562 4400 590 4463 τ’
614 4399 731 4476 dyscola.
