3218 5370
295 651 344 714 90
798 672 885 716 avus.

322 837 492 918 Προμηθέως
522 838 665 919 πυρφόρου
689 844 735 902 ter
759 840 875 902 mentio
898 840 943 902 fit.
968 839 1007 902 Iu
1031 840 1132 904 Schol.
1158 838 1260 904 Prom.
1287 844 1328 904 94
1352 842 1400 906 τὸν

278 958 406 1031 μυριετῆ·
438 959 575 1029 πολυετῆ,
607 953 636 1014 ἐν
665 951 722 1032 γὰρ
753 954 792 1033 τῷ
824 952 962 1034 Πυρφὲρορ
990 961 1062 1034 τρεῖς
1085 954 1228 1034 μυροοὶδοος
1251 955 1329 1036 (Daoi
1349 957 1396 1020 δε-

277 1062 374 1126 diadar
404 1062 502 1126 αὐτόν.
535 1062 656 1126 Deinde
687 1062 767 1128 Gall.
791 1064 884 1128 Noet.
911 1067 980 1128 Att.
1006 1065 1091 1128 XIII
1116 1069 1155 1129 18
1181 1067 1250 1145 „Id
1275 1089 1399 1151 quoque

275 1177 580 1255 „animadvertimus
596 1179 680 1263 apud
701 1179 887 1262 Aeschylum
907 1181 936 1243 ἐν
948 1181 988 1259 τῷ
1000 1180 1132 1262 πυρφόρορ
1147 1184 1301 1262 Προμηθεῖ.
1315 1184 1396 1246 eet.''

275 1292 467 1355 Memoratur
490 1293 625 1375 denique
649 1294 682 1356 in
706 1293 846 1376 catalogo
870 1293 984 1358 codicis
1007 1294 1151 1358 Medicei.

320 1403 380 1468 His
420 1405 605 1468 testimoniis
646 1389 732 1469 nisus
773 1405 918 1469 Weleker
966 1407 1078 1489 (Aearb.
1120 1408 1195 1489 nil.)
1240 1407 1401 1471 affirmavit

276 1518 324 1581 τὸν
356 1520 502 1599 Πνρφόρον
529 1519 719 1601 tragoediam
749 1519 843 1582 fuisse
872 1519 1083 1602 Aeschyleam.
1116 1521 1201 1583 Haeo
1224 1520 1287 1582 fere
1311 1542 1401 1603 argu·

279 1636 451 1694 mentatnr:
474 1630 635 1715 Superstes
658 1630 861 1695 Prometheus
884 1632 1021 1716 primum
1044 1632 1188 1715 trilogiae
1210 1632 1316 1695 drama
1335 1655 1399 1695 esse

275 1743 403 1826 nequit;
428 1745 626 1827 praecesserit
650 1744 735 1808 alind
758 1767 880 1808 neeesse
906 1751 952 1808 est
976 1745 1009 1808 in
1035 1766 1097 1827 quo
1121 1743 1312 1829 descriptum
1332 1745 1397 1809 fue·
1441 1741 1445 1747 ⁴

277 1856 319 1918 rit
351 1854 471 1918 facinus
503 1856 587 1938 quod
617 1856 703 1919 Jovis
732 1857 810 1920 iram
840 1857 979 1937 moverit,
1017 1864 1126 1941 raptus
1149 1858 1245 1940 ignis3
1271 1859 1399 1940 atquie

278 1968 381 2031 Gellio
405 1976 525 2032 constat
549 1971 592 2053 (in
617 1969 717 2032 Schol.
743 1967 845 2031 Prom.
871 1973 912 2033 94
934 1992 989 2054 pro
1010 1970 1142 2051 πυρφέρῳ
1164 1971 1241 2053 legit
1256 1969 1396 2054 λυομένῳ)

279 2081 417 2144 extitisse
452 2081 525 2144 olim
555 2081 660 2144 drama
692 2091 728 2144 Π.
762 2082 920 2162 πυρφόρους
950 2083 1031 2147 nihil
1062 2084 1160 2166 igitur
1183 2083 1314 2168 impedit
1337 2105 1398 2166 quo

280 2194 383 2256 minus
407 2199 581 2256 statuamus
605 2194 684 2256 hane
707 2216 885 2276 essequam
905 2197 1084 2278 quaerimus
1103 2197 1293 2280 tragoediam
1308 2198 1398 2260 ouius

279 2306 372 2370 etiarn
391 2306 566 2369 meminisse
585 2306 709 2369 videtur
728 2305 835 2370 Cicero
854 2306 944 2370 Tuae.
967 2307 1096 2386 Quaest.
1117 2306 1152 2370 Π
1175 2311 1234 2371 10:
1252 2307 1397 2386 „Veniat
1431 2390 1435 2401 Ι

278 2469 299 2498 „
311 2419 484 2504 Aeschylus
517 2442 580 2483 non
614 2426 705 2503 poeta
739 2419 839 2483 solum
872 2420 924 2483 sed
956 2422 1049 2483 etiam
1088 2420 1318 2504 Pythagoreus,
1355 2421 1399 2484 sio

278 2534 392 2610 „enim
423 2533 606 2616 accepimus.
640 2533 803 2613 Quomodo
835 2533 895 2596 fert
920 2533 1003 2618 apud
1027 2557 1098 2597 eum
1122 2532 1325 2597 Prometheus
1348 2535 1400 2598 do·

278 2647 415 2725 „lorem,
440 2668 532 2728 quem
556 2646 670 2730 exeipit
692 2645 731 2708 ob
755 2646 876 2709 furtum
900 2645 1065 2710 Lemnium
1088 2645 1189 2710 oet.?³’

322 2759 523 2824 Welokerum
555 2760 701 2822 acerrime
731 2760 929 2844 impugnavit
959 2759 997 2822 G.
1032 2762 1240 2837 Hermannus‚
1263 2782 1303 2822 ne
1327 2758 1399 2823 Pro

279 2872 437 2935 matheum
468 2872 607 2935 solutum
637 2872 763 2954 quidem
791 2895 862 2935 eum
893 2871 1008 2936 Vinoto
1031 2872 1193 2936 cohaerere
1216 2871 1397 2951 arbitratus,

279 2985 329 3070 (G.
362 2986 403 3048 Η.
437 2983 484 3047 De
515 2983 701 3048 Prometheo
732 2985 844 3048 soluto.
880 2985 976 3066 1828)
1001 2986 1056 3067 qui
1079 3006 1268 3068 quamquam
1290 2991 1398 3069 postea

279 3098 323 3160 ita
354 3097 540 3160 sententiam
564 3097 698 3159 mutavit
722 3104 759 3160 ut
781 3096 940 3179 trilogiam
962 3096 1056 3158 fuisse
1080 3094 1302 3159 Prometheum
1326 3118 1397 3160 eon·

279 3211 401 3275 eederet
431 3210 621 3295 (Bernhardy
652 3209 688 3272 II
713 3214 732 3273 2
754 3233 785 3294 p.
812 3211 851 3273 27
876 3212 896 3292 ),
922 3210 976 3272 alii
998 3209 1057 3272 viri
1080 3210 1164 3272 docti
1188 3230 1311 3271 oausam
1334 3230 1398 3272 sns-

278 3330 430 3409 oeperunt
458 3323 599 3408 inprimis
631 3329 668 3386 ut
698 3322 863 3407 probarent
895 3331 988 3402 Προμ.
1021 3319 1162 3401 πυρφόρον
1190 3321 1316 3383 minime
1339 3320 1399 3404 pri-

279 3460 360 3500 mam
384 3437 528 3521 trilogiae
546 3437 640 3500 fuisse
660 3434 860 3519 tragoediam.
883 3433 922 3497 In
941 3433 989 3496 his
1010 3433 1048 3496 G.
1070 3432 1205 3495 Dindorf
1215 3431 1290 3515 (vita
1303 3431 1397 3516 Soph.

279 3551 340 3615 nd.
360 3550 460 3612 Oxon.
488 3552 583 3612 1860.
607 3549 667 3611 vol.
691 3546 776 3611 VIII
798 3570 828 3632 p.
851 3545 957 3630 LXII)
982 3546 1037 3629 qui
1056 3544 1130 3607 haec
1150 3544 1288 3628 scripsit:
1309 3545 1398 3622 „Fa-

279 3664 375 3726 bulam
406 3665 441 3724 de
462 3662 631 3723 Prometheo
653 3662 813 3743 Aeschylos
835 3662 947 3723 duobos
971 3659 1115 3721 tractavit
1137 3657 1301 3738 ίοοροοοίἱὶο,
1325 3666 1398 3736 Προ-
1518 3727 1520 3730 ,

280 3776 372 3851 aratri
398 3773 534 3852 δενμώνρ
566 3794 640 3855 qaae
670 3779 801 3853 sapuerent
829 3778 858 3833 et
888 3780 939 3850 Πρ.
970 3769 1099 3849 λυομένῳ
1122 3770 1206 3832 craias
1221 3770 1400 3853 frapmeata
1442 3854 1446 3863 ¹

279 3889 425 3950 ουνουίίο
454 3891 621 3967 supersunt,
649 3884 743 3964 primo
772 3890 802 3945 et
823 3886 946 3946 secando
976 3884 1022 3945 vet
1050 3884 1173 3945 serundo
1205 3888 1234 3943 et
1257 3882 1344 3943 tertio
1368 3881 1399 3942 οόο

279 4000 436 4081 ίοίοοῐορίο
458 3999 528 4061 loeta
543 3998 651 4079 positia
674 4005 702 4059 et
724 3997 790 4060 otia
812 3997 926 4072 addito,
953 3996 1036 4058 craias
1053 4018 1153 4057 nomen
1172 3996 1399 4074 unsaramma·

275 4113 389 4194 paedia.
413 4118 493 4174 Nom
517 4114 594 4194 qood
614 4110 672 4173 oiri
696 4111 773 4172 (lorti
795 4132 852 4171 aon
867 4108 971 4190 panai,
998 4115 1031 4169 ut
1056 4107 1203 4187 ίοὶῖορὶυοο
1227 4108 1400 4190 conficerent

279 4226 490 4301 Prometheum,
521 4229 724 4303 erooqitoruat
755 4222 873 4284 tertiam
903 4221 991 4283 liuius
1024 4219 1159 4300 triloqr'oe
1178 4219 1323 4302 sobolom
1346 4227 1399 4297 Πρ.
1446 4195 1451 4204 ¹

279 4337 411 4419 πυρκοοὲοο
436 4337 545 4420 faisse,
576 4357 664 4417 ρνοροο
693 4356 728 4396 er
750 4334 843 4396 nihilo
859 4335 967 4417 fictam
991 4338 1033 4394 ert
1056 4337 1091 4392 at
1115 4332 1213 4393 monaci
1235 4333 1277 4393 od
1296 4331 1398 4393 Aeaei.

270 4452 325 4535 fr.
352 4451 424 4527 187,
444 4471 476 4530 p.
502 4450 564 4510 288
589 4450 633 4512 ed.
662 4448 753 4511 Οοου.
775 4445 896 4509 Nititur
919 4445 995 4506 enim
1018 4443 1110 4506 aerbia
1132 4443 1266 4506 Pellaeis
1287 4445 1317 4506 9.
1341 4444 1398 4503 56:
