3218 5370
625 576 975 620 rnasnorrroumzusas.
1275 559 1336 618 lta

239 741 396 806 dochmios
428 741 601 825 scripsisse:
622 740 681 805 tte
710 742 766 822 γθιρ
786 743 799 806 ὁ
819 742 931 815 Σκύθης
952 741 1048 806 παλαι
1068 766 1116 818 μοι
1138 738 1243 821 φύλαξ
1264 739 1268 828 Ι
1289 743 1358 822 ἐφε-

241 857 317 925 στὼς
341 857 427 927 ὀλοὸν,
452 854 560 934 ἄφιλον
583 855 740 935 ἐκρέμασεν
762 854 766 939 l
786 853 898 935 κέραὲιν
922 856 1043 920 δεῖπνον.

243 1068 296 1132 Vs.
324 1060 573 1130 1029-l04l.
598 1067 663 1149 ὁρᾷς
687 1065 753 1144 έμ’;
777 1068 808 1130 οὐ
832 1074 955 1146 χοροῖσιν
979 1066 1038 1130 κπὲ.

252 1167 255 1172 ’
286 1183 384 1259 „Hoc
413 1181 570 1244 canticum
601 1179 765 1241 maximam
796 1186 917 1263 partem
950 1201 987 1242 ex
1019 1178 1181 1263 Euripidis
1205 1181 1364 1264 tragoedia

243 1315 418 1377 expressum
446 1290 600 1355 videtur.''
619 1289 742 1353 Nauck.
769 1291 870 1353 Sohol.
899 1294 997 1354 1030:
1023 1292 1112 1356 παλιν
1136 1289 1168 1365 ἐξ
1192 1293 1288 1384 Ἀνδρ.
1314 1294 1361 1357 Ex

244 1407 302 1469 hoo
325 1408 462 1469 dramate
485 1410 652 1467 manarunt
674 1427 731 1467 vsa.
759 1406 987 1480 luat—1031,
1012 1404 1179 1486 inquibus
1203 1428 1301 1487 genus
1324 1406 1366 1469 fe·

244 1519 398 1582 ruininum
429 1515 541 1595 ἔχουσα
565 1523 721 1579 servatum
747 1524 803 1580 est.
829 1515 930 1579 Verba
953 1539 1078 1599 quoque
1102 1517 1182 1590 κησει
1202 1517 1360 1597 βορέα...

244 1638 400 1714 προκεῖμαι
433 1629 595 1714 Euripidis
630 1653 693 1692 esse
727 1628 886 1715 probabile
922 1630 958 1692 fit
987 1653 1024 1693 ex
1054 1630 1174 1693 adiecto
1199 1630 1361 1711 Γλανκέπη.

244 1747 330 1809 Haeo
359 1744 440 1807 enim
471 1750 517 1807 est
540 1743 652 1806 talium
674 1743 813 1806 locorum
835 1743 945 1806 facetia
969 1750 1005 1807 ut
1030 1765 1128 1806 unum
1152 1750 1276 1806 tantum
1297 1767 1360 1807 ver·

244 1857 319 1922 bum
354 1857 386 1920 in
419 1857 537 1939 tragico
573 1878 663 1919 versu
697 1862 849 1933 mutetur,
882 1856 963 1920 siout
996 1879 1023 1919 v.
1053 1880 1078 1919 o.
1103 1857 1181 1920 Rau.
1207 1859 1280 1935 840,
1305 1857 1361 1920 ubi

244 1970 394 2051 ἀρουραίας
418 1992 474 2054 pro
498 1969 672 2040 θαλασσίας.

291 2084 611 2148 Animadvertendum
647 2089 693 2146 est
722 2090 880 2168 praeterea
909 2084 1019 2147 iisdem
1050 2082 1150 2147 verbis
1180 2084 1230 2147 uti
1255 2084 1361 2170 Apoll.

246 2197 281 2261 ΙΙ
306 2201 336 2278 4,
361 2199 431 2260 3.3;
456 2197 506 2261 ἕθιν
524 2245 531 2259 .
546 2245 553 2259 .
568 2244 597 2258 ..
618 2198 736 2277 προτεθῇ
760 2197 799 2277 σῷ
821 2197 901 2270 κη’πει
925 2196 1008 2278 βοροθ,
1033 2196 1068 2260 ΙΙ
1091 2202 1121 2277 4,
1148 2200 1215 2261 3.2;
1240 2199 1358 2279 Ἀνδρο-

246 2310 340 2388 μέδαν
365 2309 579 2390 παρακειμένην
603 2308 752 2393 (Heroher
775 2309 969 2391 προκειμένην)
994 2310 1083 2391 βοροὶν
1107 2312 1255 2391 θαλασσίῳ
1273 2313 1361 2385 κήτει,

245 2423 404 2487 Eratosth.
429 2423 546 2488 Catast.
571 2445 597 2486 o.
624 2425 680 2485 15:
704 2421 757 2494 την
781 2421 806 2486 δ’
835 2424 926 2487 αὐτοῦ
951 2423 1097 2504 θυγατέρα
1120 2424 1201 2487 δοκεῖ
1221 2426 1359 2503 παραθεῖ-

246 2558 291 2598 ναι
322 2536 362 2615 τῷ
385 2537 465 2609 κιθπει
489 2534 572 2615 βοροὶ,
597 2557 623 2597 o.
649 2535 706 2598 17:
731 2536 768 2606 ὥς
792 2534 842 2598 καὶ
867 2536 999 2615 προετέθη
1024 2537 1064 2616 σῷ
1087 2535 1176 2609 κήτει.
1202 2534 1359 2599 Videntur

245 2649 320 2712 haec
344 2672 360 2713 e
384 2650 541 2712 communi
564 2649 650 2712 fonte
673 2648 811 2712 derivata
834 2671 908 2726 esse,
933 2655 965 2711 et
987 2671 1058 2712 cum
1082 2649 1304 2712 Eratosthenes
1326 2650 1360 2712 in

246 2770 379 2846 utroque
402 2764 503 2848 eapite
527 2765 564 2827 ad
587 2763 748 2848 Euripidis
771 2764 961 2847 tragoediam
985 2768 1131 2848 provocet
1154 2766 1190 2848 (o.
1218 2766 1257 2826 15
1281 2785 1365 2847 prae-

245 2878 361 2941 mittit:
387 2872 420 2952 ἦν
444 2879 474 2941 δὲ
498 2877 656 2963 (Κηφεὺς)
680 2879 716 2948 ὡς
735 2878 893 2957 Εὐριπίδης
913 2877 1017 2958 Φησὶν,
1042 2877 1183 2941 Αἰθιόπων
1206 2877 1358 2953 βασιλεὺς,

246 2991 443 3072 Ἀνδρομέδας
468 2991 498 3054 δὲ
522 2992 644 3070 πατήρ,
669 3013 694 3052 o.
719 2993 755 3055 17
776 2991 956 3073 subiungit:
975 2990 1054 3068 λέγει
1067 2992 1097 3054 δὲ
1110 2991 1161 3054 καὶ
1174 2992 1239 3070 Εὐρ.
1256 2994 1362 3069 σαφῶς

245 3104 273 3167 έν
295 3105 334 3184 τῷ
355 3102 418 3184 περὶ
443 3105 535 3174 αὐτῆς
554 3101 754 3183 γεγραμμένῳ
773 3102 933 3188 δράματι.)
956 3104 1097 3166 firmatur
1116 3104 1249 3187 suspicio
1269 3101 1362 3166 verba

247 3218 326 3291 κθπει
360 3215 434 3297 βορθι
467 3240 545 3296 προκ.
580 3239 617 3279 ex
646 3216 807 3301 Euripidis
839 3215 1037 3280 Andromeda
1065 3224 1133 3280 orta
1164 3240 1237 3280 esse.
1262 3214 1366 3281 Verba

246 3329 340 3392 schol.
365 3329 423 3391 Av.
449 3331 512 3391 adt
535 3329 639 3409 allata,
664 3329 785 3392 ἐκθεῖναι
809 3328 894 3401 κήτεϊ
909 3328 1035 3409 φορβάν,
1057 3329 1149 3391 aliam
1161 3330 1193 3391 in
1207 3326 1365 3412 tragoedia

247 3442 350 3505 sedem
373 3440 561 3504 habuerunt.

291 3553 351 3617 Ad.
378 3557 463 3616 1034
487 3553 587 3616 Sohol.
611 3559 755 3616 annotat:
780 3551 831 3616 aad
855 3557 937 3617 τοῦτο
961 3551 995 3627 ἐξ
1017 3555 1113 3635 Ἀνδρ.

291 3667 317 3729 E
348 3667 479 3750 repetita
510 3665 549 3729 ad
580 3689 623 3729 vs.
658 3669 740 3730 1040
767 3666 949 3730 scholiastae
968 3669 1167 3731 annotatione
1190 3668 1241 3731 axi
1266 3673 1365 3733 ταῦτα

246 3777 279 3853 ἐξ
309 3781 406 3861 Ἀνδρ.
440 3779 538 3843 efficio
570 3779 662 3843 verba
692 3784 782 3861 φῶτα
802 3817 848 3828 -
870 3780 1042 3861 Φλέγονσαν
1065 3783 1098 3844 in
1120 3782 1278 3866 tragoedia
1302 3805 1363 3845 non

247 3915 316 3955 oum
339 3891 596 3977 praecedentibus
619 3915 755 3956 connexa
778 3894 872 3957 luisse
895 3895 947 3957 sed
971 3917 1083 3957 novum
1111 3918 1175 3959 esse
1200 3895 1362 3958 monodiae

246 4005 465 4088 fragmentum.
490 4005 650 4068 Orationis
672 4029 770 4070 uerus
793 4029 856 4069 non
879 4007 968 4069 anxie
987 4006 1183 4089 quaerendus
1203 4015 1259 4087 est,
1280 4030 1362 4085 uam,

246 4126 283 4182 ut
305 4118 407 4182 Sohol.
435 4122 518 4182 lora
542 4121 674 4200 monuit,
699 4120 747 4184 δια
769 4121 801 4185 τὸ
824 4120 992 4198 λαμβανειν
1014 4120 1247 4197 οὶποσπθομοιτα
1271 4121 1363 4185 οὶσθν-

246 4233 326 4297 δεπον
355 4233 387 4298 πὸ
418 4232 480 4298 ὅλον
503 4235 623 4312 γίνεται.
649 4235 728 4315 Quis
750 4235 834 4299 enim
856 4257 972 4299 nexum
995 4235 1148 4298 desideret
1171 4236 1264 4299 simili
1288 4236 1355 4298 loro

247 4345 340 4436 Vesp.
366 4349 429 4413 756
448 4348 516 4431 sq.?
534 4347 615 4412 Satis
635 4355 691 4427 est,
712 4349 830 4433 opinor,
851 4349 876 4413 si
888 4348 1026 4432 aliquam
1038 4349 1223 4413 seutentiam
1237 4347 1358 4412 etiamsi

1224 4460 1235 4500 a
