3218 5370
742 598 857 640 aaran.
1272 580 1331 639 161

239 764 446 849 exposuimus.
473 763 644 848 Descripsit
667 763 699 825 in
720 763 779 826 hoo
798 762 936 825 dramate
957 762 1123 846 Euripides
1142 761 1356 844 insidiasquas

240 876 298 939 Ino
329 876 445 940 Phrixo
475 877 614 956 struxit„
633 891 711 959 quae
741 884 845 939 tamen
871 898 957 938 secus
982 882 1140 938 cesserunt
1163 875 1207 937 ita
1230 880 1268 936 ut
1290 875 1355 958 ipsa

241 989 300 1054 Ino
332 1014 349 1054 a
380 992 490 1054 marito
520 991 658 1055 necanda
681 989 795 1053 Phrixo
819 990 1006 1053 traderetur.
1031 989 1118 1069 Quid
1141 989 1223 1051 inter
1246 987 1359 1071 Sopho-

241 1103 342 1166 oleum
367 1110 398 1166 et
422 1103 627 1188 Euripideum
651 1103 803 1193 Phrinum
826 1103 1004 1166 interfuerit
1026 1102 1191 1165 nescimus.
1212 1099 1261 1165 Of.
1283 1121 1356 1163 ann.
1451 1185 1455 1192 Ι

244 1214 282 1276 ad
306 1239 348 1278 vs.
376 1218 471 1279 1206.

243 1436 296 1502 Vs.
323 1430 427 1499 1232.
464 1437 568 1516 Πέλοψ
590 1436 603 1500 ὃ
626 1437 808 1509 Τιινποίλειος
830 1438 891 1501 art.
915 1436 1049 1500 Initium
1073 1436 1256 1521 Iphigeniae
1276 1435 1355 1499 Tau-

246 1574 336 1614 noae.

246 1775 300 1839 Vs.
327 1767 431 1837 1238.
469 1773 571 1844 Οἰνεύς
596 1774 661 1838 ποτ’
686 1776 719 1838 ἐκ
742 1784 799 1854 γῆς
822 1774 1000 1855 πολύμετρον
1023 1775 1127 1852 λιιβὼν
1149 1772 1267 1853 στιίχυν

469 1887 538 1951 θύων
561 1887 715 1968 οέπιιρχοίς.

292 2000 342 2064 Fr.
375 2003 448 2063 520.
482 2001 584 2064 Schol.
609 1999 669 2064 ἔστι
694 1999 748 2078 μὲν
771 2002 803 2065 ἐκ
826 2000 999 2082 Μελεοὶγρου
1022 2002 1102 2079 μετὰ
1125 2002 1212 2065 luxu&
1233 2009 1289 2075 πῆς
1313 2003 1364 2082 ιἰρ-

246 2121 316 2193 χῆς·
341 2113 357 2187 ἡ
381 2113 412 2177 δὲ
434 2113 514 2194 alpach
539 2119 590 2178 τοῦ
614 2113 778 2194 δροίριιιποςε
805 2115 945 2178 Κιιλυδὼν
969 2115 1024 2192 μὲν
1047 2113 1097 2188 ἥδε
1121 2122 1195 2193 aare
1212 2115 1361 2186 Πελοπίιις

248 2225 358 2304 χθονός.
389 2225 460 2310 Ipse
490 2226 656 2310 Euripides
687 2227 752 2290 sine
782 2226 878 2290 dubio
910 2250 1038 2291 exorsus
1070 2234 1116 2291 est
1138 2226 1239 2291 verbis
1264 2228 1366 2300 Οἰνεὺς

248 2340 308 2402 uri.
333 2340 377 2401 At
399 2362 514 2403 novum
539 2341 701 2403 exordium
723 2341 815 2403 finxit
838 2342 939 2403 minor
961 2341 1127 2426 Euripides
1151 2342 1198 2404 vel
1223 2341 1365 2424 quisquis

248 2452 344 2515 luerit
367 2453 421 2535 qui
444 2453 608 2537 prologum
631 2453 844 2516 retractaverit
867 2461 899 2516 et
921 2454 1113 2536 „aliquanto
1130 2460 1199 2539 post
1216 2453 1364 2518 demum'’

250 2586 329 2647 quae
359 2564 451 2628 verba
482 2572 556 2628 sunt
586 2565 735 2628 Eritschii
757 2567 830 2643 „ita
852 2566 915 2630 fere
938 2567 1092 2651 perrexit:
1119 2561 1213 2638 Οὗτός
1237 2565 1301 2630 ποτ’
1332 2568 1365 2629 ἐκ

248 2686 334 2756 »γῆς
360 2679 424 2741 xri.
447 2678 554 2742 Minus
577 2679 659 2742 enim
682 2680 813 2763 periculi
836 2679 868 2742 in
893 2680 995 2744 medio
1018 2680 1156 2764 prologo,
1181 2702 1275 2762 quam
1299 2679 1366 2764 ipso

250 2792 345 2868 „eius
374 2791 467 2854 initio
494 2814 512 2855 a
540 2792 698 2856 minutula
721 2793 781 2855 olei
805 2793 942 2877 ampulla
964 2793 1194 2878 impendebat.”
1218 2791 1264 2856 Of.
1289 2816 1360 2856 ann.

251 2902 290 2966 ad
312 2927 356 2967 vs.
383 2906 478 2966 1206.

253 3129 306 3192 Vs.
333 3121 437 3190 1211.
474 3127 555 3201 Ζεὺς,
580 3129 616 3199 ὡς
641 3127 778 3192 λέλεκτιιι
801 3136 854 3202 πῆς
878 3129 1016 3201 ἀληθείοις
1040 3126 1103 3193 ὕπο.

298 3240 401 3304 Schol.
424 3240 624 3313 Μελανίππης
647 3248 700 3312 τῆς
723 3245 818 3321 σοφῆς
841 3241 857 3313 ἡ
881 3240 971 3322 ἀρχή.
998 3241 1030 3304 Si
1053 3240 1259 3304 Plutarchum
1282 3241 1368 3304 audi·

252 3378 322 3418 mus
352 3354 411 3418 hoe
439 3355 573 3417 alterum
603 3362 649 3416 est
680 3354 775 3417 buius
807 3353 982 3437 tragoediae
1010 3355 1148 3416 initium.
1173 3355 1277 3416 Amat.
1299 3353 1365 3416 XII

254 3471 274 3530 1
303 3467 437 3551 legimns
467 3489 504 3529 ex
534 3466 748 3530 emendatione
779 3467 907 3551 Sauppii
939 3474 972 3530 et
997 3465 1160 3530 Eritsohii:
1183 3465 1314 3538 Ἀκούεις
1338 3467 1369 3530 δὲ

253 3580 345 3653 δήπου
366 3581 414 3644 τὸν
437 3579 597 3658 Εὐριπίδην
621 3559 657 3650 ὥς
679 3579 831 3659 ἐθορυβήθη
856 3578 1050 3655 ποιησάμενος
1074 3579 1170 3658 ἀρχὴν
1190 3586 1242 3652 τῆς
1263 3587 1370 3642 Μελιι-

253 3693 360 3766 νίππης
384 3692 500 3765 ἐκείνης,
525 3741 544 3770 ,,
555 3693 626 3764 Ζεὺς
649 3689 727 3764 ὅστις
744 3693 757 3755 0‘
777 3691 859 3765 Ζεὺς,
879 3693 910 3756 οὐ
931 3692 987 3772 γὰρ
1000 3687 1067 3756 οίδοι
1079 3692 1157 3764 πλὴν
1169 3691 1277 3772 λόγῳ·”
1291 3691 1371 3768 μετὰ

254 3804 284 3870 δὲ
314 3806 416 3884 λοιβὼν
440 3808 523 3886 χορὸν
546 3805 636 3870 ίιλλον
650 3854 747 3869 .....
773 3803 886 3879 ἤλλαξε
909 3807 957 3870 τὸν
980 3806 1084 3884 στίχον
1108 3808 1144 3877 ὡς
1167 3810 1215 3869 νῦν
1235 3804 1371 3884 γε’γροιπ-

254 3942 303 3982 ποιι
325 3967 345 3996 ,,
356 3919 427 3991 Ζεὺς
458 3920 495 3990 ὡς
516 3918 653 3982 λέλεκπιιι
675 3926 728 3992 πῆς
750 3918 888 3992 οξληθείοις
911 3916 996 3981 ὅπο.”
1020 3917 1080 3980 Sed
1103 3917 1241 3980 dubitari
1264 3925 1368 4002 potest

169 4077 171 4081 ‚
254 4052 331 4094 1111111
354 4053 462 4094 verum
485 4031 606 4094 viderit.
631 4029 717 4109 Quid
740 4032 823 4094 e'nim
846 4029 943 4094 dicit?
965 4030 1148 4114 Euripidem
1169 4029 1368 4114 Melanippae

253 4141 455 4227 philosophae
476 4143 605 4205 initium
630 4143 756 4206 erasisse
779 4150 810 4205 et
833 4142 920 4205 aliud
944 4141 1151 4206 substituisse.
1178 4141 1238 4205 Sed
1263 4143 1365 4206 obstat

254 4254 341 4318 loeus
371 4253 503 4318 Lueiani
533 4253 601 4318 Jov.
632 4261 712 4338 trag.
744 4257 784 4317 11
813 4277 862 4338 ap.
886 4253 927 4317 N.
953 4261 984 4317 et
1007 4253 1057 4331 D„
1083 4255 1119 4318 fr.
1144 4256 1220 4334 433,
1244 4277 1281 4318 ex
1304 4277 1366 4338 quo

255 4372 382 4451 apparet
398 4366 486 4430 illius
504 4365 696 4451 temporibus
714 4367 795 4431 illud
808 4389 869 4430 non
881 4367 1021 4430 deletum
1034 4367 1087 4430 sed
1100 4366 1244 4431 omnibus
1257 4375 1368 4430 notum

1220 4481 1250 4523 11
