3218 5370
303 610 344 671 82
802 633 891 678 uvas.

280 807 336 870 Vs.
360 800 441 872 32l.
477 805 577 881 ἥκετον
600 810 626 872 δ’
649 807 754 888 ἔχοντε
779 809 902 889 πρέμνον
926 811 1104 891 πράγμοιτος
1128 815 1272 894 πελωρίου.

328 923 466 1003 Πελώρνος
490 922 692 987 Homericum
716 931 763 987 est
783 974 802 1002 „
814 924 864 988 bei
888 925 948 988 den
968 925 1115 989 Attikern
1137 927 1206 990 sehr
1226 929 1401 1006 vereinzelt,

282 1034 342 1112 „in
373 1035 426 1098 dcr
455 1035 626 1099 Komoedie
654 1059 714 1100 nur
737 1037 815 1100 hier.
839 1037 901 1101 Der
925 1036 1003 1101 Vers
1026 1038 1082 1100 hat
1105 1039 1174 1102 eine
1198 1039 1258 1102 fast
1282 1040 1404 1124 aeschy-

282 1148 425 1226 „leische
450 1147 626 1243 Farbuug’fi
651 1149 746 1213 Recte
770 1150 868 1229 Kock,
894 1151 949 1233 qui
973 1150 1088 1214 similes
1112 1151 1195 1214 locos
1219 1152 1338 1217 attulit.

284 1372 337 1436 Vs.
363 1364 444 1433 348.
480 1370 531 1436 nal
555 1373 650 1436 δοῦνοον
672 1371 776 1452 ῥύγχει
800 1371 925 1453 φορβάν.

329 1482 527 1568 Asclepiades
557 1483 611 1566 qui
643 1484 766 1568 scripsit
789 1483 863 1547 haec
887 1507 924 1546 ex
948 1484 1147 1548 Andromeda
1170 1485 1314 1548 desumta
1338 1508 1403 1550 esse

284 1596 346 1660 iam
376 1596 414 1659 ab
437 1597 498 1660 alio
522 1596 692 1659 Scholiasta
716 1597 869 1661 refellitur
892 1619 984 1680 quem
1009 1620 1070 1661 non
1095 1596 1213 1660 latebat
1236 1598 1405 1662 Androme-

285 1710 356 1773 dam
378 1717 447 1795 post
469 1713 550 1773 Aves
572 1711 695 1774 doctam
719 1733 794 1774 esse.
820 1709 866 1773 Cf.
891 1709 1013 1773 Thesm.
1040 1713 1134 1773 1033.

328 1823 429 1887 Simili
459 1845 561 1888 errore
589 1848 632 1887 vs.
656 1827 720 1886 423
744 1824 785 1887 σοὶ
807 1823 864 1904 γὰρ
887 1825 928 1886 τοὶ
951 1823 1050 1887 πάντα
1073 1862 1118 1871 -
1141 1824 1220 1904 δεῦρο
1244 1847 1260 1886 e
1283 1824 1401 1888 Phoen.

284 1940 347 1999 266
378 1958 517 2000 manasse
548 1937 718 2000 contendit.
748 1936 849 1999 Sohol.
881 1939 945 1998 424
968 1938 1000 2001 τὸ
1025 1935 1055 2000 δὲ
1079 1938 1148 2016 τῇδε
1170 1975 1215 1984 -
1237 1943 1361 2003 τοιοῦτον
1385 1961 1402 2001 e

282 2049 377 2112 schol.
403 2052 465 2111 348
491 2050 680 2133 exscriptum
704 2056 760 2128 est,
785 2047 839 2112 ubi
863 2049 946 2112 verbi
968 2050 1046 2130 Φκσί
1063 2048 1239 2112 subiectum
1260 2057 1307 2113 est
1327 2051 1402 2115 Ἀσ-

281 2161 463 2234 κλκπωίδκς.

280 2356 334 2420 Vs.
360 2350 441 2421 570.
477 2358 624 2439 βροντοίτω
649 2364 698 2423 νῦν
722 2359 735 2422 ὁ
759 2359 858 2437 μένοις
882 2358 953 2434 Ζοέν.Ι
976 2358 1224 2442 Paratragoedia.

279 2556 333 2620 Vs.
359 2548 440 2620 575.
476 2553 544 2636 Ἶρον
561 2556 592 2620 δέ
611 2557 642 2634 γ’
661 2555 801 2636 ’Όμκρος
813 2553 923 2637 ἔφοοσνί
938 2554 1034 2628 ἰκέλκν
1051 2556 1141 2633 βῆνκν
1160 2557 1272 2638 τρήρωνι
1284 2557 1393 2638 πελείρ.

324 2669 372 2733 Ex
394 2671 488 2732 Hom.
512 2669 627 2753 Hymn.
655 2667 672 2730 I
699 2671 770 2732 114.
796 2667 842 2730 Of.
867 2667 963 2732 Dind.
989 2675 1020 2732 et
1042 2668 1140 2732 Kock.
1165 2694 1192 2732 a.
1208 2670 1248 2735 .h.
1272 2671 1294 2733 l.

278 2871 333 2937 Vs.
359 2862 439 2932 609.
475 2868 557 2932 πέντ’
582 2869 688 2949 ἀνδρῶν
710 2868 813 2947 γενεὰς
836 2867 901 2948 ζώει
924 2868 1071 2949 λοικὲρνζοο
1095 2870 1208 2949 κορώνκ.

324 2983 480 3048 Hesiodus
510 3005 558 3067 ap.
590 2981 677 3046 Plut.
708 2983 747 3046 de
779 2982 833 3045 Or.
866 2982 1001 3046 defectu.
1026 3005 1051 3045 c.
1078 2985 1137 3046 11:
1162 2981 1242 3046 ε’ννέοο
1267 3005 1307 3045 τον
1333 2980 1397 3060 ζώει

277 3095 379 3174 γενεὰς
404 3094 551 3176 λοοκὲρνζοο
574 3096 685 3175 κορώνκ.
711 3096 770 3158 κσὲ.

277 3293 332 3357 Vs.
357 3286 438 3356 750.
588 3314 592 3323 ·
706 3289 780 3354 ἔνθεν
804 3288 923 3371 ὡσπερεὶ
947 3289 1076 3367 με’λοττοο

477 3403 617 3483 Φρύνιχος
641 3403 810 3483 ἀμβροσίων
834 3402 946 3481 μελέων
968 3401 1152 3479 ἀπεβόσκετο
1177 3402 1294 3482 κωρπὸν,

846 3515 904 3599 [ciel
927 3514 1021 3595 φέρων
1043 3522 1184 3592 γλυκεῖαν
1209 3513 1294 3594 oldaia.

320 3627 444 3706 Nauck,
469 3629 505 3691 fr.
529 3635 608 3710 trag.
631 3650 661 3711 p.
685 3630 758 3690 561.
779 3675 799 3703 ,,
809 3625 995 3710 Phrynichei
1008 3627 1069 3689 loci
1080 3627 1205 3710 parodia
1218 3627 1395 3689 manifesta:

270 3741 382 3824 „quid
417 3741 549 3804 mutarit
580 3739 803 3823 Aristophanes
833 3740 1016 3803 nescimus.'’
1048 3739 1166 3802 Eadem
1199 3739 1325 3802 fortasse
1350 3745 1397 3802 est

277 3854 362 3937 origo
385 3876 491 3917 versus
513 3852 732 3936 antistrophici
758 3844 830 3917 781.
854 3847 912 3915 εἷλε
936 3852 966 3916 δὲ
991 3850 1107 3929 θάμβος
1130 3848 1263 3923 ἄνακτος
1287 3852 1347 3914 κτὲ.

318 3964 366 4028 De
389 3989 432 4029 vs.
458 3968 519 4028 800
544 3962 640 4038 ξουθὸς
664 3965 885 4045 ἱππκλεκτρνών
909 3964 970 4027 vid.
995 3963 1034 4026 ad
1057 3964 1128 4028 Pac.
1156 3963 1250 4027 1177.

274 4188 328 4254 Vs.
354 4182 434 4251 808.
469 4188 536 4254 τάδ’
560 4191 619 4269 οὐχ
643 4190 692 4253 ὑπ’
719 4187 828 4262 ἄλλων,
853 4187 936 4252 ἀλλὰ
958 4194 1016 4259 τοῖς
1040 4187 1135 4250 adada
1159 4193 1281 4267 πτεροῖς.

319 4300 420 4364 Schol.
443 4299 506 4366 ὅλον
529 4308 613 4366 τοῦτο
637 4303 669 4366 ἐκ
693 4300 882 4382 Μυρμιδόνων
902 4298 1067 4378 Αἰσχύλον,
1088 4298 1142 4381 qui
1161 4299 1268 4362 eadem
1287 4297 1393 4361 addito

262 4412 463 4491 οἱλοσκάμεσθκ
482 4414 635 4478 dicentem
656 4415 753 4477 facita
775 4413 894 4497 quilam
908 4413 1053 4477 sauciam.
1067 4411 1116 4475 Fr.
1131 4413 1194 4475 135
1207 4411 1260 4492 N„
1275 4415 1337 4474 129
1352 4410 1394 4473 D.
1462 4392 1465 4398 Ι
