3218 5370
264 654 283 714 6
682 673 917 717 aonaanrnsas.

241 842 372 923 postque
396 837 467 900 δοκῶ
488 860 558 900 cum
578 836 732 900 Muellero
753 838 948 901 reticentiam
968 845 1142 902 statuamus
1161 863 1282 904 necesse
1303 848 1359 921 est,

149 941 153 947 ⁴
241 970 335 1031 quam
367 970 429 1011 non
459 949 617 1027 miramur,
649 950 722 1033 quia
754 952 786 1012 in
816 950 899 1013 hisce
923 950 1172 1036 responsionibus
1195 974 1360 1016 numerum

241 1061 375 1124 duorum
397 1083 542 1125 versuum
567 1061 711 1125 excedere
734 1069 843 1147 poetae
866 1085 929 1125 non
953 1062 1054 1127 licuit.
1075 1062 1244 1128 Profitetur
1264 1066 1361 1149 igitur

242 1173 452 1259 Dicaeopolis:
484 1175 591 1237 Dicere
620 1198 694 1258 qaae
724 1177 818 1238 rectio
848 1199 904 1238 ποοο
935 1177 1093 1260 reformido
1098 1205 1111 1251 ;
1142 1184 1244 1241 trunco
1272 1185 1361 1259 caput

242 1287 388 1368 imponens
417 1289 502 1350 verbo
518 1289 627 1372 facere
645 1294 774 1380 paratus
796 1310 859 1351 aum
881 1296 909 1350 et
931 1289 958 1350 ai
981 1312 1038 1351 ποοο
1062 1289 1143 1352 r'ualc
1162 1291 1283 1375 profero
1309 1292 1362 1371 (ποο

242 1400 426 1481 interficite).
467 1398 556 1462 Hanc
597 1399 708 1462 horum
744 1422 889 1463 versuum
923 1400 1017 1463 fuisse
1051 1403 1238 1464 sententiam
1272 1402 1362 1465 docet

242 1512 374 1597 scriptor
404 1511 625 1597 hypotheseos:
660 1513 672 1574 o‘
704 1513 734 1575 δὲ
766 1513 967 1591 ὑποσχόμενος
991 1515 1059 1594 ὑπὲρ
1082 1512 1214 1588 ἐπιξήνου
1238 1515 1290 1588 τὴν
1313 1541 1360 1579 κε-

243 1626 345 1706 <batha
376 1624 453 1704 ἔχων
482 1623 735 1702 ἀπολογήσεσθαι,
767 1627 817 1706 ἐφ’
850 1620 913 1705 ᾧτε,
945 1626 980 1690 ἂν
1012 1627 1055 1705 μὴ
1083 1629 1167 1707 πείσῃ
1199 1628 1239 1691 τοὶ
1263 1629 1362 1692 blacta

243 1736 346 1814 λέγων,
370 1739 419 1800 τὸν
441 1736 591 1817 προέχπλοο
613 1737 865 1811 οξποκοπήσεσθοοι.

288 1849 356 1912 Iam
387 1849 499 1928 omnia,
531 1850 650 1935 opinor,
684 1851 858 1914 cohaerent.
888 1850 960 1914 Non
985 1851 1118 1936 amplius
1142 1853 1275 1916 duarum
1300 1844 1363 1917 ora-

244 1964 365 2027 tionum
394 1965 512 2026 mentio
541 1963 577 2024 fit
600 1962 653 2025 sed
679 1965 781 2043 unius,
806 1959 922 2049 optimc
946 1972 1123 2048 congruunt
1147 1965 1234 2027 allati
1258 1989 1363 2030 versus

244 2099 316 2140 cum
347 2100 389 2139 vs.
422 2078 495 2154 361,
528 2077 601 2155 417,
634 2079 708 2156 486,
742 2079 934 2155 aaa-4953
964 2078 1091 2142 affertur
1114 2086 1260 2156 truncus3
1285 2079 1364 2141 alter

244 2190 399 2276 Telephus
422 2197 517 2274 caput
538 2189 670 2253 inflectit
694 2197 726 2253 et
748 2191 840 2253 verba
862 2192 938 2254 facit
960 2194 1152 2270 lat-5563
1173 2192 1365 2256 altercantur

244 2304 327 2383 inter
356 2327 386 2366 se
410 2303 632 2383 Acharnerrses,
658 2326 728 2388 pars
752 2310 790 2366 ut
813 2327 884 2367 eum
908 2304 1050 2368 occidant
1072 2305 1104 2367 in
1130 2327 1252 2367 scenam
1274 2328 1365 2368 ruere

244 2418 366 2496 volunt,
400 2441 468 2502 pars
499 2425 536 2481 ut
565 2440 637 2481 eum
668 2418 854 2497 defendant,
884 2418 917 2481 hi
948 2419 1108 2482 victoriam
1132 2427 1365 2502 consequuntur

245 2556 287 2595 vs.
316 2532 393 2609 571,
417 2533 516 2615 surgit
540 2530 737 2616 Dicaeopolis
761 2539 792 2594 et
815 2533 918 2594 salvus
943 2539 998 2594 est.

290 2646 337 2710 Ex
366 2647 403 2708 iis
431 2668 510 2728 quae
541 2646 668 2729 exposui
700 2653 827 2730 apparet
857 2668 919 2707 non
951 2643 1138 2728 probandam
1163 2669 1227 2708 esse
1252 2646 1366 2734 coniec-

246 2767 349 2823 turam
373 2781 466 2841 quam
489 2760 651 2843 proposuit
673 2757 842 2821 Brambach
862 2758 944 2821 Mus.
968 2757 1065 2820 Rhen.
1088 2760 1172 2819 1866
1194 2779 1223 2840 p.
1248 2759 1307 2819 148
1321 2779 1364 2840 sq.

247 2873 434 2958 Transponit
464 2873 515 2936 hic
546 2874 644 2936 varias
677 2873 715 2936 ob
747 2895 853 2936 causas
883 2895 989 2936 versus
1022 2874 1195 2936 315-318
1226 2880 1295 2956 post
1323 2896 1365 2936 vs.

249 2987 322 3064 302,
346 2986 390 3048 ita
416 2993 451 3048 ut
476 2993 545 3069 post
568 2985 659 3048 verba
683 2985 770 3049 chori
888 2984 1073 3062 κοιτπύμοοτπ
1093 2985 1137 3048 ita
1156 2985 1367 3068 distinguatur
1396 3046 1401 3055 ,

492 3098 560 3162 Dic.
584 3103 667 3162 τοῦτο
693 3097 797 3169 τοῦπος
818 3136 863 3145 -
885 3095 1111 3178 ταραξικάρδιον.

492 3209 584 3274 Chor.
608 3211 633 3274 ἐἰ
656 3212 692 3273 σὺ
820 3247 864 3256 -
887 3210 956 3287 ἡμῖν
980 3211 1083 3287 λέγειν.

491 3324 560 3387 Dic.
586 3323 640 3387 mlv
663 3348 699 3400 ys
722 3323 764 3400 μὴ
818 3360 863 3368 -
886 3322 963 3402 ἔχων
987 3323 1091 3400 λέγειν.

491 3438 580 3502 Chor.
605 3443 656 3502 σοῦ
681 3438 707 3500 δ’
732 3439 789 3514 ἐγὼ
819 3475 864 3483 -
887 3437 1023 3518 μακρούς.

294 3553 411 3617 Verum
440 3554 482 3615 sic
514 3552 661 3616 orationis
690 3572 789 3613 nexus
811 3550 944 3614 tollitur.
969 3552 1064 3613 Arete
1087 3552 1171 3611 enim
1195 3548 1369 3625 cohaerent,

250 3675 287 3731 ut
316 3669 378 3730 iam
407 3667 541 3730 vidimus
570 3667 601 3728 τὸ
633 3661 763 3738 ἐπίξηνον
791 3687 834 3727 vs.
868 3666 930 3726 318
956 3671 987 3727 et
1010 3659 1197 3736 κοοσοοξοοίνεπ
1220 3684 1263 3724 vs.
1291 3662 1370 3738 3203

250 3781 371 3861 deinde,
404 3804 475 3844 cum
498 3786 629 3860 truncus
653 3778 707 3841 ille
730 3785 825 3863 caput
849 3761 880 3841 et
903 3778 992 3860 quasi
1017 3776 1108 3840 cardo
1131 3775 1172 3838 sit
1196 3775 1292 3837 totius
1315 3775 1371 3836 hu-

250 3895 300 3958 ius
323 3902 420 3971 actus,
444 3900 515 3977 post
538 3890 766 3974 Dicaeopolidis
784 3890 876 3953 verba
896 3890 963 3970 ὑπὲρ
982 3885 1056 3963 ἐποξ.
1079 3903 1144 3981 art.
1165 3910 1226 3951 non
1247 3887 1371 3950 ferenda

251 4015 297 4069 est
338 4006 533 4069 ratiocinatio
576 4008 627 4067 σοῦ
662 4004 688 4066 δ’
724 4005 781 4079 ἐγὼ
816 4001 921 4078 λόγους
955 4001 1089 4078 λέγοντος
1124 4002 1175 4064 οὐκ
1209 3998 1372 4077 ἀκούσομαι

252 4117 388 4198 μακρούς,
413 4132 480 4181 κτλ.

297 4231 347 4292 An
377 4230 410 4292 in
441 4229 509 4292 aliis
540 4250 664 4310 quoque
694 4225 841 4305 versibus,
867 4233 988 4310 praeter
1013 4248 1064 4289 eos
1088 4247 1166 4308 quos
1191 4223 1284 4287 attuli
1309 4224 1370 4286 317

252 4349 284 4405 et
303 4343 377 4421 318,
397 4340 523 4425 parodia
541 4338 717 4424 quaerenda
737 4340 778 4402 sit
799 4339 969 4402 diiudicare
990 4338 1114 4402 difficile
1134 4343 1189 4400 est.
1212 4336 1297 4400 Alibi
1318 4342 1374 4398 aut

252 4459 384 4516 metrum
416 4459 472 4515 aut
502 4451 593 4515 verba
623 4452 741 4534 tragica
774 4451 854 4514 viam
886 4457 1070 4530 monstrant,
1101 4451 1152 4514 hic
1183 4449 1246 4513 suis
1275 4446 1375 4512 verbis
