3218 5370
289 642 330 700 66
764 658 891 702 vnsrru.

311 824 412 887 Schol.
444 824 483 886 ad
517 827 619 886 isse:
653 823 827 904 ὀρχούμενος
857 825 870 887 ό
900 823 989 904 γέρων
1019 825 1229 905 τρανικεόεται.
1256 787 1390 891 Videtur

267 936 325 999 hoc
349 937 505 999 canticum
529 943 619 999 cento
644 959 707 998 esse
730 959 876 999 versuum
900 937 1090 1021 tragicorum
1114 939 1303 1003 intermixtis
1328 963 1388 1003 ver·

267 1049 352 1112 sibus
374 1049 472 1133 ipsius
496 1049 726 1132 Aristophanis.

314 1162 364 1225 Ad
391 1165 473 1225 1499
486 1189 493 1226 :
514 1164 647 1234 Πτήσσει
662 1161 812 1242 Φρύνιχος·
826 1162 968 1242 παροιμία
979 1162 1028 1226 ἐπὶ
1041 1167 1096 1227 τῶν
1109 1164 1198 1228 κακόν
1212 1188 1239 1227 τι
1253 1165 1389 1244 πασχόν-

268 1298 323 1338 των
346 1276 406 1339 οὶπό
431 1275 573 1356 Φρυνίχου
595 1279 645 1338 τοῦ
668 1279 813 1354 τραγικοῦ.
840 1273 1038 1358 Quamquam
1062 1299 1097 1339 ea
1121 1298 1200 1360 quae
1224 1277 1390 1361 subiungit

266 1388 449 1452 scholiasta:
474 1387 686 1468 ὑποκρινόμενον
710 1387 767 1467 νόιρ
790 1387 878 1451 αὐτόν
902 1387 954 1460 τήν
978 1389 1112 1462 Μιλήτον
1132 1387 1239 1453 ἅλωσιν
1261 1392 1287 1455 οἱ
1298 1392 1388 1464 ’Ata-

267 1509 340 1565 ναῖοι
375 1499 571 1580 δακρύσαντες
606 1497 749 1576 ἐξέβαλον
784 1500 931 1564 δεδοικότα
962 1500 1012 1564 καὶ
1047 1502 1273 1575 ὑποπτήσσοντα
1299 1504 1389 1566 nihili

267 1621 350 1693 sunt,
383 1636 452 1676 vere
482 1619 587 1676 tamen
610 1613 689 1675 vidit
713 1611 925 1695 Phrynichum
950 1614 1104 1696 tragicum
1127 1616 1202 1698 peti,
1229 1622 1265 1678 ut
1289 1623 1389 1679 osten·

268 1727 314 1789 dit
346 1726 466 1790 collatis
497 1749 555 1789 vss.
588 1725 672 1788 1478
702 1747 767 1808 sqq.
793 1725 1002 1803 Helbertsma,
1027 1725 1154 1811 Prosop.
1180 1728 1275 1790 Arist.
1300 1749 1330 1812 p.
1358 1730 1386 1790 3.

267 1839 405 1903 Eandem
428 1840 590 1924 amplexus
614 1839 801 1901 sementiam
825 1838 938 1901 Nauck
961 1838 1028 1923 ipsa
1050 1839 1220 1923 Phryniehi
1239 1839 1330 1902 verba
1348 1839 1387 1902 ab

267 1953 321 2016 Ar.
356 1953 501 2016 traducta
532 1975 595 2015 esse
626 1951 805 2014 arbitratur.
840 1951 893 2015 Vs.
930 1955 1012 2014 1499
1044 1954 1233 2026 πτήσσει-
1257 1953 1387 2034 οὶλέκτωρ

267 2067 425 2151 parodiam
454 2089 519 2129 esse
543 2066 655 2128 statuit
678 2087 784 2128 versus
807 2089 823 2127 a
847 2063 1018 2128 Plutarcho
1040 2066 1105 2128 sine
1130 2073 1238 2149 poetae
1261 2066 1387 2130 nomine

267 2180 365 2258 allati,
390 2181 493 2242 Amat.
519 2203 545 2242 e.
573 2182 623 2241 18.
649 2201 677 2262 p.
706 2179 767 2240 762
792 2179 832 2241 F:
859 2177 963 2253 ἕπτήξ
987 2179 1115 2260 οέλὲκτωρ
1139 2182 1238 2244 δοῦλον
1263 2179 1299 2253 ὣς
1323 2181 1385 2244 κλί-

267 2316 320 2364 νας
344 2292 452 2373 πτερόν,
477 2314 568 2373 quem
592 2291 769 2374 Phrynicho
793 2290 916 2370 tribuit,
941 2291 977 2354 lr.
1002 2290 1076 2372 Phr.
1098 2293 1158 2356 ine.
1186 2296 1235 2372 16,
1258 2315 1287 2378 p.
1311 2296 1384 2355 561.

267 2403 315 2467 De
339 2429 382 2467 vs.
411 2407 494 2467 1499
518 2404 560 2467 sie
584 2404 702 2488 pergit:
726 2403 844 2480 „Sicut
865 2395 966 2466 uerbis
988 2405 1113 2477 πτήσσει
1136 2403 1266 2484 οὶλέκτωρ
1290 2404 1386 2488 Phry·

266 2517 380 2596 „nichi
409 2540 515 2582 versus
543 2516 673 2593 ridetur,
706 2518 749 2579 ita
779 2538 860 2598 quae
889 2523 1065 2598 sequuntur
1087 2539 1149 2580 non
1174 2516 1285 2580 dubito
1308 2517 1386 2600 quin

266 2630 403 2709 „eodem
428 2654 443 2693 e
462 2636 555 2715 poeta
575 2629 708 2714 repetita
725 2629 796 2691 sint.
816 2626 922 2712 Comp.
941 2628 1030 2713 Vesp.
1046 2632 1130 2692 1594
1143 2629 1242 2708 ταχὺν
1254 2629 1387 2692 πόδα-

266 2745 406 2824 „learnt
438 2745 522 2807 Hinc
552 2744 691 2828 suspicor
715 2742 826 2805 dixisse
851 2741 1082 2826 Phrynichum:
1106 2742 1207 2820 ταχὺν
1230 2741 1312 2805 πόδα
1334 2765 1385 2806 κν-

266 2858 466 2939 ,,κλοσοβήσω
488 2855 492 2944 l
512 2856 614 2928 σκέλος
645 2854 767 2935 οὑροόνιόν
798 2856 828 2931 γ’
857 2854 1044 2934 ἐκλακτίζων.
1069 2855 1173 2918 Etiam
1196 2855 1385 2939 Eupolidem

266 2972 391 3056 „(Oom.
425 2974 443 3032 2
467 2993 497 3054 p.
526 2971 599 3052 569)
621 2969 723 3032 risisse
747 2968 978 3052 Phrynicheum
1002 2967 1089 3032 istud
1112 2967 1293 3047 ε’κλακτόζειν
1315 2990 1384 3053 pro·
1434 3017 1438 3025 .

265 3082 394 3163 „babile
417 3089 472 3162 cst,
497 3083 535 3146 cf.
562 3081 662 3144 Schol.
688 3083 741 3144 Ar.
766 3080 857 3165 Vesp.
886 3084 969 3144 1499
994 3087 1026 3144 et
1051 3079 1166 3143 15243’

161 3195 163 3199 ’
203 3218 205 3225 ·
311 3197 360 3281 (In
387 3197 435 3260 his
458 3196 583 3260 scholiis
607 3195 689 3258 nihil
712 3195 799 3259 uliud
821 3196 938 3278 legitur
961 3217 1055 3277 quam
1078 3195 1127 3258 καὶ
1149 3195 1218 3274 παρ’
1243 3194 1384 3259 Εὐπόλιδι

263 3310 444 3391 ε’κλακτόζειν
470 3316 502 3373 et
524 3309 575 3374 καὶ
599 3312 649 3372 οὐκ
672 3307 770 3380 ἄλλως
796 3309 868 3373 αὐτὸ
892 3307 1020 3380 Εὔπολις
1044 3304 1151 3394 εἶπεν.)

307 3424 396 3504 Quae
432 3423 569 3486 Nanckii
602 3423 779 3486 coniectura
810 3444 887 3485 num
918 3444 988 3484 vera
1018 3422 1060 3484 sit
1091 3420 1211 3484 dubito.
1243 3420 1344 3484 Versu
1368 3443 1386 3484 a

260 3535 346 3599 Plut.
381 3536 486 3612 allato,
511 3533 614 3608 ἔπτηξ’
639 3537 690 3598 κτὲ
715 3558 813 3609 sermo
837 3541 884 3598 est
907 3535 944 3597 de
969 3535 1092 3596 homine
1116 3556 1208 3616 quem
1233 3535 1311 3598 vires
1335 3534 1385 3597 de·

259 3650 371 3712 ficiunt
393 3655 424 3712 et
449 3649 503 3730 qui
525 3671 587 3712 non
611 3650 731 3712 diutius
752 3649 876 3712 resistit.
898 3648 958 3711 Sed
979 3670 1014 3710 ea
1033 3647 1296 3739 sententiaaloco
1309 3645 1383 3709 Ves-

256 3784 368 3847 parum
392 3767 456 3823 tam
479 3761 580 3824 aliena
603 3769 649 3824 est
676 3768 712 3823 ut
735 3761 952 3845 Aristophanis
977 3761 1082 3823 animo
1103 3782 1170 3821 eam
1191 3759 1380 3823 obversatam

259 3899 326 3940 esse
349 3875 476 3938 minime
501 3874 669 3937 verisimile
692 3875 741 3937 sit.
767 3873 887 3938 Deinde
906 3897 970 3938 non
990 3873 1081 3937 verba
1100 3872 1268 3956 Phrynichi
1285 3872 1386 3935 risisse

254 3989 308 4052 Ar.
335 3988 393 4052 sed
418 3987 591 4051 saltationis
615 3988 749 4066 schema,
773 4010 836 4051 non
860 3986 988 4051 verbum
1013 3985 1196 4065 ε’κλακτόζειν
1216 3984 1270 4048 sed
1282 3985 1385 4069 ipsum

257 4087 448 4181 ἕκλακτόζειν,
476 4108 606 4185 apparet
631 4124 647 4164 e
669 4124 712 4164 vs.
743 4102 837 4162 1594.
888 4137 891 4145 ·

301 4213 346 4276 Ut
372 4238 413 4278 vs.
442 4217 529 4278 1490
555 4214 727 4298 expediam,
752 4212 845 4276 aliam
868 4212 946 4275 mihi
965 4211 1057 4275 liceat
1076 4234 1248 4297 proponere
1268 4210 1386 4275 coniec-

254 4335 376 4391 turam.

300 4438 496 4524 Phrynichus
525 4439 700 4503 saltationis
730 4437 955 4522 peritissimus,
988 4438 1064 4502 Ath.
1097 4437 1115 4501 Ι
1145 4460 1170 4501 ο.
1196 4438 1248 4515 39,
1272 4458 1303 4522 p.
1329 4438 1384 4514 22,
