3218 5370
266 677 300 720 VI
718 679 902 723 PRAEFATIO.

289 847 401 932 ltaque
423 847 555 910 lustravi
574 847 791 932 Aristophanis
809 847 980 911 comoedias
999 855 1030 911 ct
1047 849 1221 933 fragmenta
1239 857 1280 928 et,
1295 873 1366 914 cum

247 960 331 1044 apud
354 960 570 1044 grammaticos
592 960 654 1024 late
677 966 806 1045 pateant
825 960 968 1045 parodias
990 961 1067 1025 fines
1086 961 1157 1047 (vid.
1180 961 1296 1026 Tacub.
1309 965 1330 1026 l.
1344 964 1366 1027 l.

244 1095 274 1159 p.
308 1077 325 1136 1
357 1096 422 1158 sqq.
454 1072 548 1136 Ribb.
579 1072 626 1136 De
655 1096 713 1136 usu
745 1074 850 1158 parod.
878 1072 963 1139 Part.
988 1074 1015 1137 Ι.
1043 1097 1074 1160 p.
1102 1079 1118 1138 1
1145 1077 1233 1160 sqq),
1259 1098 1365 1140 omnes

245 1187 322 1251 mihi
352 1188 496 1272 proposui
529 1209 709 1272 componere
732 1187 814 1251 locos
838 1188 952 1271 quibus
976 1190 1110 1252 comicus
1133 1190 1209 1253 alios
1235 1190 1363 1274 respicit

244 1307 360 1385 poetas,
391 1323 455 1364 non
484 1307 609 1364 tantum
640 1302 782 1385 parodias
811 1325 881 1365 vere
910 1302 953 1366 sic
983 1303 1082 1366 dictas
1113 1303 1228 1386 quibus
1262 1305 1367 1386 gravia

244 1415 376 1479 aliorum
408 1414 500 1478 verba
523 1421 579 1478 aut
601 1416 778 1499 tragoediae
800 1423 984 1499 argumenta
1007 1417 1040 1480 in
1062 1418 1165 1481 iocum
1191 1417 1364 1501 detorquet,

244 1531 276 1594 id
314 1552 407 1613 agens
430 1515 479 1591 ut
512 1536 568 1592 aut
600 1529 806 1614 reprehendat
840 1537 905 1609 aut,
943 1530 1027 1613 quod
1060 1531 1247 1615 plerumque
1280 1531 1364 1610 facit,

246 1644 343 1707 risum
367 1650 399 1706 et
423 1643 611 1706 hilaritatem
633 1644 758 1721 excitet,
782 1644 836 1707 sed
860 1666 911 1706 eos
934 1666 1059 1727 quoque
1081 1645 1167 1708 locos
1189 1643 1243 1707 ubi
1268 1629 1367 1708 aliena

246 1755 338 1820 verba
369 1757 447 1819 citat
476 1757 526 1820 vel
557 1757 620 1820 suis
643 1757 756 1819 intexit
779 1763 816 1820 ut
838 1779 1008 1820 sermonem
1033 1779 1125 1820 suum
1151 1759 1366 1822 rotundiorem

246 1876 278 1933 et
301 1870 522 1953 elegantiorem
546 1868 664 1933 reddat.
689 1867 769 1932 Cum
793 1875 898 1931 antem
923 1870 1071 1933 acerrima
1094 1870 1156 1934 tela
1176 1870 1209 1933 in
1232 1872 1366 1954 tragicos

244 1984 410 2048 coniecerit
429 1983 660 2068 Aristophanes,
675 1985 735 2068 fpar
754 1981 820 2046 erat
839 1983 877 2046 de
895 1983 943 2046 his
962 2006 1010 2046 mc
1029 1983 1182 2067 copiosius
1196 1983 1364 2068 disputare.

289 2095 377 2175 Quae
407 2098 469 2160 iam
498 2096 536 2159 ab
567 2096 636 2159 aliis
666 2096 704 2159 ab
727 2097 811 2160 omni
832 2102 920 2181 parte
939 2096 1097 2180 explorata
1121 2103 1210 2159 erant
1232 2097 1365 2161 indicavi

245 2215 380 2290 tantum,
412 2209 506 2295 paulo
537 2209 664 2272 fortasse
695 2209 870 2272 obscuriora
896 2209 1049 2294 explicare
1073 2216 1202 2272 conatus
1228 2232 1307 2287 sum,
1331 2210 1363 2273 in

244 2324 395 2407 originem
418 2323 615 2408 parodiarum
638 2323 796 2405 inquisivi,
815 2324 994 2406 praesertim
1014 2330 1052 2386 ut
1070 2322 1266 2386 ostenderem
1286 2323 1365 2405 quid

242 2437 365 2500 valeant
389 2436 563 2500 comoediae
586 2436 805 2520 Aristophanis
827 2435 866 2498 ad
888 2436 1063 2521 deperditas
1087 2437 1260 2520 tragoedias
1280 2437 1366 2500 resti-

243 2550 386 2614 tuendas.
411 2549 572 2613 Nonnulla
596 2556 755 2633 praeterea
778 2550 923 2612 annotavi
948 2572 1027 2632 quae
1050 2551 1084 2612 in
1104 2552 1364 2614 commentatione

243 2662 281 2726 de
303 2662 430 2747 parodia
449 2662 482 2725 in
502 2660 710 2745 Aristophane
729 2659 819 2723 facile
839 2659 943 2723 abesse
963 2665 1138 2744 potuerant,
1160 2683 1240 2744 quae
1259 2669 1363 2725 tamen

244 2798 293 2839 me
312 2773 410 2837 obiter
430 2773 596 2851 monuisse,
618 2772 785 2836 dummodo
804 2773 925 2855 aliquid
945 2774 1009 2836 veri
1027 2773 1111 2852 insit,
1133 2774 1262 2838 lectores
1274 2798 1361 2859 spero

242 2887 307 2951 fore
330 2893 367 2949 ut
390 2886 466 2950 vitio
490 2886 568 2949 mihi
590 2908 654 2949 non
676 2892 808 2950 vertant.

288 3000 378 3080 Quae
398 3000 500 3063 omnia
519 3001 714 3085 explorantes
726 3022 790 3063 non
801 3021 964 3084 possumus
975 3021 1036 3063 nou
1050 3001 1196 3064 admirari
1209 3007 1240 3064 et
1252 3002 1361 3065 comici

242 3114 317 3176 felix
349 3113 509 3197 ingenium
541 3115 734 3198 iocosamqne
764 3114 971 3198 petulantiam
993 3137 1073 3198 qnae
1096 3122 1166 3200 post
1188 3122 1236 3179 tot
1260 3117 1363 3180 secula

241 3230 379 3313 legentes
407 3229 510 3292 adhuc
534 3228 693 3307 exhilarat,
718 3235 750 3291 et
773 3234 886 3291 teretes
909 3250 1000 3291 aures
1023 3228 1139 3291 theatri
1163 3228 1362 3292 Atheniensis

242 3344 326 3427 quod
345 3364 580 3425 nonnumquam
600 3342 726 3425 quidem
745 3341 840 3404 salem
861 3340 1054 3425 Megaricum
1076 3340 1182 3404 Attico
1202 3342 1361 3426 praetulit,

242 3463 275 3519 at
298 3463 462 3541 tantopere
485 3461 589 3519 tamen
610 3462 717 3541 poetas
740 3454 864 3518 amabat
886 3461 918 3518 et
940 3455 1071 3518 triverat
1086 3438 1128 3518 ¹ut
1147 3455 1364 3538 Aristophanis

243 3571 386 3656 parodias
408 3569 589 3652 intellegere
612 3574 715 3653 posset
733 3569 833 3650 iisque
854 3568 1073 3631 delectaretur.
1095 3566 1250 3629 Docemur
1268 3566 1361 3629 simul

243 3685 319 3768 quid
350 3683 388 3746 dc
418 3682 486 3746 aliis
515 3682 615 3766 poetis
648 3681 870 3765 Aristophanes
894 3681 1034 3743 senserit.
1059 3679 1171 3765 Epicos
1195 3688 1227 3744 et
1250 3680 1361 3764 lyricos

241 3819 305 3860 non
340 3818 431 3880 saepe
459 3795 565 3878 tetigit
594 3801 625 3857 et
660 3792 797 3857 ludibrio
825 3793 930 3857 nullos
962 3791 1056 3856 habet
1079 3793 1139 3856 nisi
1163 3794 1362 3858 oraculorum

240 3906 501 3974 consarcinatores
525 3914 557 3971 et
580 3906 820 3992 dithyrambicos
840 3907 1069 3991 ampullantes3
1093 3905 1254 3991 Sophoclis
1271 3906 1363 3971 verba

241 4021 394 4086 rarissime
417 4021 528 4084 attulit
535 4048 545 4099 ;
568 4019 758 4104 Aeschylum
783 4018 1005 4096 admirabatur,
1030 4020 1076 4081 ita
1098 4024 1203 4082 tamen
1226 4025 1264 4081 ut
1287 4041 1366 4082 non·

241 4155 412 4216 numquam
442 4131 605 4195 subridens
634 4132 701 4195 eius
731 4132 909 4215 magnificos
932 4139 964 4194 et
986 4130 1173 4216 ponderosos
1197 4131 1277 4194 citet
1299 4154 1364 4194 ver-

242 4270 294 4312 sus
302 4275 311 4326 ς
346 4247 526 4332 Euripidem
557 4269 630 4332 prae
661 4247 730 4310 aliis
761 4245 957 4311 mordacibus
986 4246 1133 4309 laceravit
1158 4246 1243 4309 iocis.
1269 4245 1363 4326 Quod

242 4383 430 4446 quamquam
464 4383 700 4444 nonnumquam
730 4360 799 4423 iure
829 4360 935 4423 fecisse
964 4359 1042 4422 mihi
1076 4359 1210 4437 videtur,
1236 4358 1363 4421 minime

243 4473 361 4557 ubique
402 4474 435 4537 in
477 4473 659 4558 Euripidem
698 4471 786 4536 nobis
828 4470 1084 4537 subscribendum
1118 4493 1182 4535 osso
1219 4470 1362 4535 arbitror.
