3218 5370
646 585 878 631 scuranunsus.
1203 647 1208 661 ι
1289 568 1306 628 5

206 753 376 837 „loquitur
407 752 487 832 Dic,
518 745 650 835 quaru'm
685 753 782 815 altera
806 759 891 816 statu
916 751 1212 829 erectohaberetua
1237 752 1334 815 altera

205 867 268 944 „in
290 872 404 929 trunco
427 865 574 928 lanionio.
600 867 644 927 At
669 889 711 927 vs,
739 867 811 944 364,
839 867 913 943 365,
938 869 1013 943 436,
1038 869 1112 944 492,
1133 865 1332 941 l95,dooent

205 1002 330 1057 „unam
354 985 479 1042 tanturn
504 980 675 1042 orationem
695 979 808 1042 habere
827 979 1088 1062 Dicaeopolidem,
1105 1000 1240 1060 eumque
1259 978 1332 1041 inde

206 1114 251 1168 „a
281 1091 388 1175 primis
411 1091 510 1154 verbis
534 1099 619 1154 statu
643 1091 698 1154 illo
721 1114 800 1154 novo
825 1099 857 1154 et
880 1091 1022 1154 inaudito
1045 1090 1143 1174 loqui.
1167 1090 1252 1154 Haeo
1276 1091 1333 1154 dif-

207 1203 358 1281 „ficnltas
389 1226 456 1266 meo
488 1203 615 1286 quidem
646 1203 761 1267 iudicio
794 1204 884 1266 facile
916 1204 987 1266 tolli
1011 1210 1123 1288 potest.
1148 1202 1224 1266 Loci
1248 1204 1330 1266 enirn

207 1364 226 1391 „
236 1314 364 1393 laudati,
388 1315 503 1398 quibus
527 1317 604 1379 adde
629 1339 671 1378 vs.
693 1317 767 1394 417,
788 1316 929 1400 probant,
945 1308 1245 1401 'capitispericulum
1259 1315 1328 1379 Dic.

208 1428 394 1505 „aditurum
427 1452 508 1508 esse;
541 1429 593 1490 scd
618 1452 652 1492 ca
676 1430 743 1513 lege
766 1452 837 1492 eum
862 1431 1032 1492 orationem
1055 1429 1234 1492 habiturum
1261 1453 1333 1510 esse,

209 1541 269 1618 „h.
293 1541 314 1603 l.
347 1564 409 1603 non
440 1541 565 1604 dicitur.
591 1542 703 1624 ltaque
727 1549 796 1627 post
820 1544 891 1606 δοκῶ
917 1544 1108 1606 reticentiam
1135 1543 1332 1606 statuendam

209 1654 320 1731 „duco
350 1663 381 1716 et
405 1655 551 1739 suspicor,
577 1655 644 1717 llic.
669 1663 760 1737 gestu
785 1657 889 1738 aliquo
913 1657 1103 1737 significare.
1120 1657 1204 1738 quod
1228 1663 1333 1740 aperte

209 1766 341 1843 „dicere
364 1767 489 1830 dubitat
497 1795 506 1845 3
532 1768 643 1831 deinde
667 1768 831 1840 σξσυνδὲτως
856 1792 966 1851 magna
990 1770 1020 1832 vi
1045 1769 1149 1833 addit:
1171 1767 1239 1850 ὑπὲρ
1259 1767 1333 1843 ἕπιξ.

209 1894 301 1957 „ura
323 1881 534 1969 Asyndetum
561 1889 727 1945 excusatur
750 1905 861 1965 magna
885 1883 981 1945 animi
1006 1883 1220 1945 commotione.
1247 1881 1336 1961 Quae

211 2042 231 2070 „
242 1992 273 2054 h.
299 1992 318 2056 l.
345 1991 412 2055 Dic.
437 1994 557 2070 reticet,
582 1993 746 2078 profitetur
767 1982 928 2057 Philoclen
953 1994 1047 2079 Vesp.
1072 1996 1133 2057 523
1151 1994 1188 2069 -ἢν
1207 1995 1264 2076 γὰρ
1283 1995 1334 2068 ἧσ-

211 2105 320 2182 „enno
345 2105 439 2183 λέγων
458 2129 517 2180 σου,
536 2111 746 2187 περιπεσοῦμαι
765 2109 805 2187 τῷ
826 2104 914 2187 ξίφει.
929 2106 999 2171 Nisi
1012 2107 1091 2171 forte
1104 2108 1238 2192 praefers
1250 2108 1334 2172 lacu·

212 2242 312 2297 „nam
334 2199 429 2283 unius
449 2219 497 2283 vel
517 2220 656 2304 plurium
675 2242 820 2283 versuum
833 2219 1001 2283 statuere.'’
1014 2221 1174 2285 Hactenus
1187 2221 1333 2285 Mueller.

213 2332 307 2394 Recte
338 2333 522 2395 monstravit
553 2355 687 2414 quonam
720 2332 826 2396 morbo
854 2339 959 2396 textus
984 2341 1126 2418 receptus
1150 2334 1279 2414 laboret,
1306 2341 1338 2397 et

212 2444 332 2527 aliquid
362 2467 433 2508 sane
461 2444 638 2529 proficimus
669 2447 694 2507 si
719 2467 790 2508 oum
815 2468 850 2508 eo
873 2446 1066 2530 aposiopesin
1089 2452 1158 2529 post
1181 2447 1253 2510 δοκῶ
1277 2454 1335 2510 sta-

213 2557 350 2635 tuimus;
379 2557 500 2621 fallitur
531 2563 645 2637 tamen,
679 2581 727 2620 me
750 2558 861 2637 iudice,
886 2559 930 2620 ita
955 2559 1056 2621 omnia
1080 2581 1154 2622 sana
1177 2581 1241 2621 esse
1263 2560 1339 2622 eris·

213 2671 336 2735 timaus.
356 2671 487 2733 Etiamsi
507 2693 660 2756 ponamus
680 2671 800 2754 aliquid
818 2671 977 2734 reticuisse
996 2671 1248 2756 Dicaeopolidem
1267 2679 1338 2757 post

215 2783 287 2846 δοκῶ
319 2789 351 2845 et
382 2782 545 2855 ἀσυνδέσως
575 2783 672 2866 loqui,
704 2784 753 2847 vel
776 2784 818 2846 sic
840 2791 945 2847 tamen
968 2807 1065 2847 sermo
1089 2806 1151 2847 non
1177 2785 1338 2848 cohaerere

214 2894 349 2958 videtur.
385 2894 528 2974 Quonam
564 2898 647 2960 enim
681 2897 832 2977 συνδέσμῳ
862 2898 912 2960 uti
941 2899 1093 2981 potuisset
1122 2905 1159 2960 ut
1190 2899 1339 2962 continua

215 3010 358 3072 evaderet
381 3011 489 3089 oratio,
514 3033 578 3073 non
603 3011 702 3089 video,
727 3034 829 3094 neque
853 3034 988 3094 quonam
1008 3011 1076 3074 iure
1095 3013 1252 3101 scripserit
1272 3011 1336 3075 M.:

216 3145 281 3199 „ea
315 3123 383 3206 lege
418 3125 448 3206 (i.
475 3147 501 3186 6.
534 3124 642 3209 capitis
676 3125 850 3208 pericnlum
885 3126 1057 3208 aditurum)
1088 3123 1339 3208 Dicaeopolidem

217 3234 386 3298 orationem
416 3232 599 3299 habiturum
622 3260 685 3300 esse
709 3236 768 3299 hoc
791 3237 858 3299 loco
881 3260 944 3300 non
967 3236 1102 3299 dioitnr'’
1127 3239 1177 3321 cui
1200 3238 1340 3321 opinioni

217 3348 337 3410 etiamsi
360 3349 463 3411 omnia
486 3349 514 3411 ei
538 3348 751 3426 concedamus,
775 3356 884 3433 poetae
906 3349 999 3412 verba
1023 3355 1208 3434 repugnant.

261 3460 362 3524 Aliter
386 3484 434 3524 res
457 3485 488 3525 se
510 3460 621 3524 habere
641 3462 718 3525 mihi
737 3462 870 3541 videtur,
892 3469 923 3524 et
943 3463 1083 3544 quamvis
1101 3462 1244 3526 tenebras
1256 3486 1339 3548 pror·

216 3597 267 3637 sus
286 3573 451 3660 dispellere
471 3575 548 3638 mihi
567 3598 628 3639 non
642 3577 818 3659 contigerit,
832 3576 932 3638 dicam
945 3576 1021 3658 quid
1034 3576 1178 3639 accidisse
1191 3579 1338 3661 suspicer.

261 3687 391 3772 Scripsit
421 3688 643 3773 Aristophanes
674 3711 805 3766 versum,
836 3690 892 3771 qui
922 3711 1006 3752 nnnc
1030 3696 1076 3752 est
1101 3691 1174 3767 318,
1198 3697 1270 3752 ante
1293 3713 1336 3753 vs.

219 3801 292 3877 317,
317 3807 349 3862 et
372 3800 512 3881 ordinem
534 3801 664 3864 invertit
685 3799 831 3864 librarius
850 3800 1000 3886 deceptus
1019 3825 1092 3865 voce
1112 3802 1207 3880 λέγειν
1227 3804 1260 3866 in
1277 3803 1338 3867 fine

219 3935 362 3976 versuum
387 3915 450 3976 316
474 3921 505 3976 et
529 3917 603 3978 318.
628 3915 748 3978 Multos
768 3915 918 3998 ejusmodi
940 3939 1056 3980 errores
1076 3918 1191 3981 nonin
1212 3917 1337 3982 Graecis

218 4033 343 4089 tantum
373 4026 531 4091 codicibus
562 4028 615 4091 sed
638 4029 671 4091 in
695 4028 763 4092 aliis
786 4050 911 4111 quoque
935 4030 1067 4105 inveniri
1090 4032 1134 4092 ita
1158 4038 1279 4094 constat
1302 4038 1338 4094 ut

218 4137 357 4222 exempla
381 4139 487 4203 afferre
511 4163 774 4225 supervacaneum
797 4141 847 4204 sit.
873 4139 987 4223 Itaque
1009 4142 1147 4224 legatur:

330 4253 404 4316 317.
430 4251 498 4334 ὑπὲρ
523 4250 656 4326 ἐπιξήνου
678 4253 796 4326 θελήσω
843 4303 1072 4319 .....
1120 4256 1216 4333 λέγειν

331 4365 403 4426 318.
429 4363 483 4428 κᾶν
506 4389 543 4442 γε
566 4365 610 4443 μὴ
633 4365 711 4442 λέγω
734 4366 833 4429 δίκαια
858 4364 934 4444 μηδὲ
958 4369 997 4447 τῷ
1022 4369 1124 4442 πλήθει
1148 4370 1218 4433 δοκῶ
1242 4407 1287 4417 --
