3218 5370
696 580 822 624 vasran.
1256 565 1297 626 55

207 745 353 808 tilaverit.
378 746 467 826 Quae
490 754 593 810 tamen
615 754 652 809 ut
675 769 691 809 e
714 744 840 810 latebris
862 748 895 809 in
917 747 1019 810 lucem
1044 748 1240 831 proferantur
1261 747 1295 831 pl
1313 784 1323 794 -

204 879 337 946 rumque
360 857 426 920 fieri
450 859 562 941 nequit
584 859 645 922 nisi
669 859 777 923 sedulo
801 881 857 922 nos
879 859 986 922 doceat
1010 859 1183 923 scholiasta.

246 967 396 1053 Exemplo
416 971 457 1032 sit
480 993 602 1034 carmen
625 969 823 1048 Mnesilochi,
847 971 969 1034 Thesm.
995 974 1079 1034 1015
1105 993 1181 1053 sqq„
1203 970 1323 1033 Andro

202 1080 308 1144 medae
333 1088 435 1165 partes
457 1083 586 1165 agentis.
613 1084 707 1167 Apud
730 1083 914 1168 Euripidem
937 1084 1080 1166 queritur
1100 1083 1317 1147 Andromedaz

578 1196 667 1273 φίλιοι
689 1195 829 1275 ποιρθένοι,
853 1195 940 1274 Φθλοιι
963 1219 1012 1272 μοι
1025 1243 1120 1267 .....

205 1305 366 1386 sequentia
388 1304 555 1387 detorquet
577 1306 799 1389 Aristophanes
822 1307 855 1368 in

577 1421 638 1488 πῶς
661 1415 697 1480 θον
721 1417 876 1493 ἀπέλθοιμι
899 1416 951 1481 sai

578 1530 626 1593 τὸν
649 1529 762 1602 Σκθθνν
785 1529 919 1606 λθθοιμις

165 1709 169 1720 .
246 1639 330 1703 Echo
354 1648 422 1702 orat
445 1640 642 1705 Andromeda
667 1648 704 1704 ut
727 1648 830 1704 tacere
855 1642 948 1708 velit:

579 1755 730 1834 προσαυδῶ
754 1755 787 1816 σὲ
810 1753 866 1817 cciv
890 1756 919 1817 ἐν
942 1751 1051 1834 οθνπροις

579 1867 751 1930 οὶπθποιυσον
775 1864 858 1930 ἕοισον
881 1868 921 1929 ’A

575 1986 632 2057 χοῖ
651 2003 691 2055 με
714 1978 766 2041 σὺν
791 1979 924 2060 erraras

427 2153 429 2158 .
576 2091 644 2167 νθοιι
667 2091 749 2155 πθθον
775 2091 893 2168 λοιβεῖν.

246 2201 461 2266 Mnesilochus
484 2203 582 2288 petit:

729 2315 813 2379 ἔοισον
837 2318 874 2386 ὡς

574 2428 626 2499 τὴν
651 2427 777 2504 ρννοιῖκοθ
801 2429 835 2504 μ’
861 2429 960 2491 ἐλθεῖν.

245 2539 442 2603 Andromeda
473 2541 581 2623 ingens
611 2541 644 2603 in
674 2562 736 2622 quo
764 2547 903 2603 versatur
933 2539 1109 2624 periculum
1132 2561 1319 2623 componens

200 2672 271 2713 cum
295 2651 376 2714 laeta
399 2674 492 2734 quam
517 2651 642 2734 degerat
666 2653 729 2714 vita
752 2652 958 2715 lamentatur:

571 2765 635 2845 ὁρᾷς
659 2763 720 2840 ἔμ’·
744 2766 775 2827 οὐ
799 2764 922 2844 χθροισιν
946 2765 1005 2827 κπὲ.

241 2873 462 2954 Mnesilochus,
486 2899 651 2960 germanus
670 2878 744 2940 civis
767 2867 975 2953 Atheniensis,
996 2898 1105 2939 urnam
1127 2875 1320 2937 iudiciariam

197 2989 229 3050 in
253 2988 370 3051 deliciis
397 2987 490 3051 habet
513 2995 545 3050 et
570 2992 650 3067 ποοροὶ
673 2989 842 3068 προσδοκίαν
865 2989 968 3051 addit:

573 3102 665 3177 κημὸν
678 3149 685 3162 .
700 3149 706 3162 .
722 3149 729 3162 .
745 3149 751 3162 .
777 3099 875 3174 ἕστηκ’
904 3098 1014 3178 ἔχονοῖ

242 3211 338 3274 Plura
363 3211 469 3275 afferre
492 3213 632 3295 exempla
655 3213 733 3275 nihil
757 3214 879 3275 attinet.
905 3211 1023 3275 Verum
1045 3212 1071 3275 si
1089 3233 1210 3274 scenam
1227 3210 1320 3273 Thes·

197 3325 501 3407 mophoriazusarum
533 3346 604 3386 cum
635 3324 840 3387 Philocleonis
872 3324 1007 3386 carmine
1039 3344 1259 3405 comparamus,
1284 3323 1317 3384 in

200 3443 327 3520 promtu
351 3445 397 3499 est
421 3438 569 3521 suspicari
593 3437 650 3499 hoc
673 3458 797 3518 quoqne
823 3458 839 3499 e
863 3434 1001 3498 versibus
1024 3435 1134 3518 tragici
1154 3435 1315 3497 cuiusdam
1384 3492 1386 3496 ,

195 3554 227 3610 et
258 3548 475 3632 Aristophanis
498 3555 682 3611 contextum
706 3571 780 3611 esse.
805 3549 954 3610 Attamen
980 3569 1058 3629 quae
1082 3547 1241 3628 tragoedia
1266 3547 1316 3610 dc·

195 3658 322 3722 beamus
345 3681 408 3722 non
433 3660 492 3722 nisi
516 3659 700 3723 adumbrare
719 3682 892 3744 possumus.
917 3658 1032 3722 Versus
1057 3660 1118 3722 317
1144 3680 1209 3740 sqq.
1235 3657 1316 3737 φίλοι

196 3773 323 3848 πθκομιιι
347 3773 402 3847 μὲν
426 3773 486 3835 κπέ.
512 3778 545 3834 et
568 3775 630 3834 319
655 3794 720 3854 sqq.
745 3776 887 3851 τηροῦμαι
912 3772 938 3835 δ’
963 3772 1023 3835 κνὲ.
1049 3771 1139 3833 initio
1159 3792 1265 3853 graves
1287 3774 1318 3833 et

196 3884 300 3945 tristes
340 3883 394 3946 sed
423 3906 494 3945 mox
524 3885 557 3946 in
587 3884 691 3946 iocum
723 3883 907 3960 desinentes,
940 3881 1047 3946 utrum
1079 3883 1315 3963 ποιροιτροινῳδιῖιν

195 4017 235 4056 an
265 3995 401 4074 ποιρῳδῶν
434 3996 590 4079 scripserit
620 3996 674 4058 Ar.
707 3996 870 4058 decernere
893 4017 957 4057 non
981 3995 1089 4057 ausim.
1115 3993 1316 4076 Tragoediam

196 4105 244 4169 vel
274 4106 447 4188 tragoedias
477 4114 586 4191 poetae
618 4109 720 4170 animo
750 4107 924 4171 obversatas
958 4130 1022 4170 esse
1045 4106 1206 4188 aliquanto
1230 4105 1317 4168 lucu·

195 4219 310 4282 lentius
339 4218 375 4279 fit
406 4240 465 4280 vss.
491 4220 554 4280 323
579 4240 644 4301 sqq.
668 4219 727 4281 Ter
751 4217 930 4281 Philocleon
950 4218 1120 4301 magnificis
1143 4217 1247 4280 verbis
1269 4216 1318 4279 Io-

195 4353 262 4394 vem
286 4329 439 4413 implorat,
463 4336 511 4392 ter
536 4330 656 4394 abiecto
681 4331 831 4393 cothurno
851 4352 957 4392 soccus
980 4330 1134 4392 induitur.
