3218 5370
715 595 830 639 nouam
1247 583 1308 644 141

213 757 295 820 enim
330 759 438 822 doctae
473 761 535 823 sint
570 759 621 822 Ol.
655 763 740 840 93,3,
769 762 860 824 initio
892 763 966 825 anni
996 767 1076 840 405;
1104 764 1239 829 Bacchae
1263 774 1332 850 post

213 880 344 935 mortem
375 873 545 957 Euripidis,
578 875 634 956 qui
662 874 769 937 eodem
800 875 894 938 huius
926 875 1110 961 olympiadis
1138 902 1219 943 anno
1243 879 1330 957 obiit,

213 1007 276 1048 non
310 985 409 1069 igitur
439 992 513 1051 ante
544 989 656 1051 festum
688 987 910 1072 Dionysiacum
940 991 1014 1053 anni
1048 995 1111 1055 405
1142 993 1175 1056 in
1209 1017 1332 1057 scenam
1359 971 1360 974 Ἴ

212 1099 405 1182 prodierunt.

212 1323 266 1391 Vs.
291 1316 373 1388 357.
410 1323 546 1403 Κρητίνου
568 1328 619 1388 τοῦ
641 1324 841 1406 τοοοροφοὲγοο.

258 1435 359 1500 Schol.
392 1434 498 1516 εἴρητοοο
528 1436 559 1499 δὲ
590 1437 671 1516 τοοροὶ
701 1439 733 1501 τὸ
765 1438 949 1518 Σοφοκλέους
972 1441 1004 1504 ἑκ
1030 1446 1140 1521 Τυροῦς
1162 1491 1181 1519 ,,
1196 1443 1332 1508 Δοοούοοο

212 1555 263 1614 τοῦ
287 1547 504 1629 τοοοροφοέγοο”.
530 1547 624 1627 Quod
643 1557 751 1613 tamen
774 1574 837 1615 non
860 1551 971 1636 probat
992 1553 1229 1637 Aristophanem
1248 1556 1332 1620 hunc

212 1663 370 1727 imitatum
401 1685 466 1725 esse
495 1662 609 1725 locum.
635 1666 682 1726 De
704 1664 963 1748 interpretatione
987 1665 1049 1729 vid.
1074 1651 1174 1730 Koch.
1200 1691 1226 1732 a.
1253 1669 1282 1732 h.
1308 1669 1328 1732 l.

215 1886 267 1952 Vs.
292 1879 374 1948 465.
412 1880 432 1948 ὦ
455 1884 577 1964 βδελυρὲ
598 1885 798 1964 κοέοοοίτχοοτε
821 1885 872 1950 ueri
896 1888 1023 1967 τολμηρὲ
1045 1887 1091 1951 ου’.

258 2000 308 2064 Ad
338 2001 423 2063 huno
453 2021 575 2062 versum
606 1999 761 2083 pertinere
792 2000 887 2063 schol.
911 2000 1003 2079 Van,
1028 2003 1112 2085 quod
1136 2004 1174 2066 ad
1198 2027 1241 2066 vs.
1266 2006 1329 2068 467

212 2114 403 2198 adscriptum
427 2119 484 2191 est,
509 2112 650 2175 arbitrati
677 2119 751 2175 sunt
774 2114 918 2176 nonnulli
942 2114 1144 2198 interpretes:
1169 2115 1329 2194 τοοροοτλή-

212 2228 261 2292 crof
285 2229 346 2292 ἐστι
368 2225 481 2298 τούτοις
507 2225 547 2289 τοὶ
570 2228 598 2290 ἕο
621 2227 662 2306 ’τῷ
686 2234 782 2299 Θησεῖ
803 2228 847 2311 (in
871 2229 936 2290 cod.
961 2229 1002 2291 rel
1025 2233 1080 2291 τῶν
1104 2229 1251 2314 Θησεῖον)
1279 2253 1331 2292 τε·

214 2340 358 2418 τοοηροέοοο
392 2340 459 2420 τοορ’
497 2339 650 2419 Εὐριπίδη.
689 2339 746 2402 ἐκεῖ
779 2340 837 2419 γὰρ
866 2346 992 2412 τοιοῦτος
1016 2335 1049 2413 ἦν
1079 2341 1250 2421 στοοδοέζωο
1280 2341 1332 2406 cccl

212 2458 334 2518 τοιοῦτοι
357 2452 436 2530 λέγει
460 2451 529 2532 τρος
547 2453 596 2516 τὸν
615 2452 729 2515 Micca.
750 2452 863 2536 Itaque
882 2452 996 2516 Nauck
1017 2453 1102 2517 hunc
1115 2454 1333 2539 Aristophanis

211 2590 334 2631 versum
368 2565 548 2650 fragmentis
583 2565 744 2650 Euripidis
778 2566 972 2642 adnumerat,
1009 2567 1044 2629 fr.
1087 2570 1160 2630 386.
1192 2566 1332 2631 Ribbeck

212 2682 288 2744 Aah.
313 2680 394 2744 Anh.
420 2702 451 2764 p.
477 2682 556 2742 300:
581 2678 749 2756 „Theseus
773 2680 861 2742 hatte
885 2680 934 2743 ein
958 2681 1073 2764 Disput
1092 2681 1151 2743 mit
1171 2681 1276 2744 Minos
1296 2682 1330 2745 in

211 2794 387 2872 „walchem
418 2816 450 2856 er
480 2793 665 2857 Ausdriiche
694 2792 894 2876 gebrauchte,
928 2795 983 2857 wie
1008 2795 1129 2859 Aeacus
1153 2817 1251 2878 gegen
1273 2795 1331 2859 deu

211 2906 492 2985 „vermeintliohcn
528 2905 706 2968 Heracles.”
742 2904 935 2970 Dubitanter
969 2904 1074 2970 Koch:
1110 2956 1130 2985 „
1143 2907 1193 2971 Sic
1229 2907 1333 2991 (verba

212 3020 336 3098 „Aeaci
368 3042 411 3082 vs.
436 3019 512 3100 465)
535 3018 632 3081 sollen
656 3041 713 3081 aus
737 3017 904 3103 Euripides
928 3018 1066 3082 Theseus
1090 3026 1240 3084 stammen
1266 3020 1332 3083 und

211 3135 339 3213 „dieser
370 3134 429 3196 den
462 3133 587 3196 Minos?
617 3155 649 3196 so
680 3133 869 3214 angefahren
901 3133 1032 3197 haben.''
1057 3133 1194 3197 Dindorf
1213 3157 1274 3197 non
1298 3136 1331 3197 in

212 3248 455 3330 fragmentorum
479 3268 645 3309 numerum
668 3247 796 3331 recepit.
820 3246 926 3323 Recte,
951 3268 1022 3308 cum
1044 3247 1094 3308 hic
1115 3247 1333 3332 Aristophanis

212 3382 317 3423 versus
340 3381 411 3422 curn
434 3358 552 3422 Theseo
576 3359 701 3422 omnino
724 3359 806 3422 nihil
830 3381 994 3422 commune
1017 3358 1140 3422 habeat.

256 3473 288 3535 Si
319 3473 401 3535 enim
432 3473 498 3556 ipsa
522 3472 705 3555 inspicimus
728 3470 830 3550 verba,
856 3472 936 3535 nihil
961 3480 1007 3535 est
1033 3472 1116 3555 quod
1141 3472 1178 3534 de
1202 3472 1330 3557 parodia

213 3585 383 3669 cogitemus
391 3611 400 3662 ;
425 3583 563 3663 βδελυρός
587 3584 760 3647 convicium
784 3591 830 3647 est
853 3607 870 3646 a
893 3585 1011 3666 tragico
1034 3608 1173 3648 sermone
1196 3586 1333 3648 alienum

211 3720 313 3780 neque
336 3697 420 3780 quod
444 3697 537 3760 sciam
562 3719 694 3780 usquam
713 3697 745 3759 in
766 3698 926 3780 tragoedia
945 3699 1108 3782 reperitur.
1123 3698 1251 3781 Saepius
1264 3721 1334 3762 con·

211 3817 260 3872 tra
283 3809 415 3873 recurrit
438 3809 470 3871 in
495 3810 560 3888 Ar,
586 3817 622 3872 ut
645 3809 702 3892 Eq.
729 3812 803 3888 304,
828 3808 914 3872 Plut.
943 3813 1037 3873 luca.
1063 3809 1266 3873 Conferamus
1288 3810 1333 3873 in-

211 3923 318 4006 primis
341 3920 414 3985 Pac.
442 3924 521 3984 182:

413 4029 433 4096 ὦ
456 4033 578 4113 βδελυρὲ
603 4036 680 4117 (cod.
706 4035 802 4118 μοοορὲ)
827 4033 878 4098 axi
902 4038 1029 4116 τολμηρὲ
1052 4035 1253 4124 κοὶοοοίοχοοτς
1275 4036 1311 4099 οὺ

412 4145 463 4210 acl
488 4147 573 4227 ροοοορὲ
596 4146 648 4210 xxi
672 4148 830 4228 τοοροροίοορε
849 4147 898 4210 aa)
922 4148 1097 4227 ροιοορώτοοτε.

210 4256 249 4321 ad
282 4280 360 4342 quos
389 4281 494 4322 versus
524 4259 607 4346 idem
639 4259 745 4323 Schol.
778 4259 870 4338 Ven,
896 4281 1085 4343 quamquam
1108 4260 1145 4324 de
1173 4261 1229 4325 hoc
1251 4261 1333 4325 Mer·

210 4372 290 4435 curii
314 4378 346 4436 et
368 4372 500 4458 Trygaei
525 4373 684 4456 colloquio
708 4374 859 4461 disputat,
879 4374 961 4438 nihil
980 4374 1018 4438 de
1037 4375 1210 4439 imitatione
1222 4374 1335 4440 Thesei
