3218 5370
267 573 330 634 206
683 590 869 635 narnarnnu
893 592 928 635 11.

246 763 406 821 trarentur
428 757 462 820 in
487 756 548 820 fine
571 757 748 840 tragoediae
772 758 974 841 conspicuum
999 758 1092 822 fuisse
1115 759 1218 823 velum
1243 765 1299 822 aut
1323 767 1369 823 ta-

246 855 352 919 bulam
383 857 416 920 in
448 878 510 939 qna
541 857 676 920 infausta
707 856 895 920 Graecorum
918 859 1076 942 navigatio
1098 860 1221 945 depicta
1244 861 1366 940 fuisset,

245 958 297 1021 sed
321 957 532 1021 infelicissima
554 959 604 1021 usi
628 957 813 1021 coniectura.
838 957 936 1021 Totus
960 960 1043 1022 enim
1066 966 1113 1023 cst
1135 967 1227 1045 poet-a
1248 962 1282 1025 in
1302 985 1366 1025 ma·

244 1058 282 1121 lis
305 1056 420 1140 quibus
445 1058 536 1120 Troia
560 1058 768 1141 Troiadesqne
790 1059 934 1122 mulieres
954 1058 1367 1125 afficiunturdescribendis.

243 1160 320 1220 Post
350 1164 514 1221 mactatam
547 1157 745 1242 Polyxenam,
773 1167 917 1222 necatum
945 1162 1174 1243 Astyanactem,
1199 1159 1364 1225 abductam

244 1258 502 1337 Andromacham,
534 1259 626 1322 ineo
650 1266 697 1322 est
721 1259 852 1322 Hecuba
875 1268 912 1322 ut
936 1259 1054 1343 Ulyssis
1077 1284 1186 1324 navem
1210 1262 1366 1326 escendat.

246 1359 400 1443 Sepelitur
424 1359 532 1422 infelix
555 1360 699 1423 Hectoris
722 1360 821 1423 filius:
844 1361 1016 1423 adveniunt
1042 1361 1229 1424 Graecorum
1251 1363 1368 1426 milites

244 1460 325 1523 laces
347 1459 490 1523 ardentes
513 1483 607 1523 manu
626 1468 784 1544 gestantes
801 1460 910 1524 urbem
929 1462 1072 1525 incendio
1090 1464 1240 1526 vastaturi
1251 1490 1259 1541 ;
1279 1463 1367 1527 audi-

244 1566 298 1623 tnr
321 1561 470 1644 strepitus
492 1562 612 1624 ruentis
635 1561 722 1624 urbis
739 1567 770 1624 et
793 1567 949 1646 postrema
972 1561 1149 1645 tragoediae
1174 1563 1265 1626 verba
1290 1570 1366 1626 sunt

246 1661 421 1725 miserantis
445 1661 529 1724 chori

655 1751 684 1813 rb
708 1749 836 1814 rainatas
860 1750 952 1822 πόλις.

289 1851 378 1930 Quae
402 1872 472 1913 cum
495 1850 540 1913 ita
563 1855 673 1913 exeant
696 1856 727 1912 et
750 1851 866 1934 optime
889 1857 1010 1928 exeant,
1035 1852 1105 1933 quis
1129 1859 1193 1915 tam
1217 1852 1363 1937 ineptum

247 1951 342 2014 fuisse
373 1957 495 2036 poetam
525 1951 645 2014 iudicet
668 1958 705 2015 ut
726 1952 860 2014 alterum
885 1955 1010 2015 exitum
1029 1953 1156 2036 insuper
1179 1952 1364 2018 addidisset!

290 2053 430 2137 Apparet
453 2052 552 2134 igitur
575 2051 751 2134 tragoediae
774 2052 894 2114 exitum
916 2053 1044 2137 prologo
1066 2075 1127 2115 non
1152 2075 1333 2137 congruere.

290 2217 319 2276 2.
345 2213 466 2277 Deinde
489 2213 582 2277 habet
601 2214 685 2296 quod
707 2213 841 2277 offendat
860 2213 1033 2298 episodinm
1055 2217 1261 2295 860-1059,
1280 2217 1364 2299 quod

244 2321 308 2377 tarn
344 2337 454 2399 parum
487 2337 557 2378 cum
589 2314 846 2400 praecedentibus
877 2322 908 2378 ct
931 2314 1134 2397 sequentibus
1158 2315 1301 2380 cohaeret
1324 2324 1362 2381 ut

244 2417 268 2478 si
292 2414 422 2496 abesset,
447 2415 525 2478 nihil
549 2416 786 2479 desideraretur.

288 2516 398 2580 Prodit
430 2517 463 2580 in
494 2538 616 2580 scenam
646 2516 808 2579 Menelaus
827 2514 850 2599 1)
882 2516 937 2599 qui
966 2517 1129 2600 profitetur
1158 2540 1190 2580 se
1213 2515 1365 2582 Μενέλαον

244 2611 314 2681 εἶναι
348 2615 399 2681 aa>
434 2616 592 2697 στράτευμ’
628 2616 783 2696 'Agassai
819 2623 851 2679 et
885 2639 956 2680 curn
993 2615 1124 2680 Hecuba
1159 2617 1362 2700 colloquitur,

244 2740 338 2802 quam
362 2724 477 2797 tamen,
499 2719 559 2781 nisi
578 2717 768 2801 adscriptum
789 2723 868 2780 esset
886 2740 1010 2797 nomen,
1030 2741 1092 2781 non
1113 2741 1359 2802 agnosceremus.

245 2819 348 2898 Quam
382 2818 464 2881 eninr
494 2818 674 2900 loquentem
705 2817 850 2881 audimus
874 2825 905 2881 et
927 2818 1154 2903 philosophicas
1177 2820 1362 2884 fundentem

244 2941 349 3004 preces
373 2940 438 2981 non
456 2918 568 2982 misera
587 2918 643 2981 illa
662 2926 709 2982 est
728 2920 835 3002 regina
855 2919 1083 2982 calamitatibus
1095 2920 1192 2983 fracta
1205 2920 1258 2983 sed
1270 2921 1362 3006 plane

243 3019 314 3082 alia.
344 3018 412 3081 Hoc
435 3025 540 3081 tamen
564 3041 626 3082 non
651 3041 756 3103 urgeo.
781 3019 869 3083 Talia
893 3020 1049 3084 interdum
1075 3044 1137 3084 non
1161 3028 1251 3084 curat
1273 3023 1364 3085 Enri-

243 3119 330 3205 pides
353 3126 390 3182 ut
411 3119 514 3183 videre
536 3127 581 3182 est
599 3144 614 3184 e
633 3120 793 3204 tragoedia
813 3118 934 3201 Oreste,
957 3121 1046 3183 cuius
1059 3122 1090 3184 in
1104 3120 1200 3184 nobili
1213 3122 1305 3185 initio
1317 3159 1362 3170 —

244 3223 307 3284 315
339 3219 601 3304 Clytaemnestrae
632 3222 718 3285 filius
749 3228 889 3306 aegrotat
920 3244 937 3283 a
966 3221 1056 3284 furiis
1079 3222 1264 3305 exagitatus,
1290 3242 1359 3288 mox

243 3342 315 3385 vero
347 3322 552 3405 aegritudinis
583 3328 614 3384 et
644 3322 795 3385 furiarum
827 3321 944 3385 oblitus
974 3328 1105 3385 atrocem
1130 3346 1161 3385 se
1184 3324 1266 3406 gerit
1288 3324 1363 3386 sica·

242 3423 324 3487 rium
347 3429 472 3486 etcum
496 3444 608 3500 sorore,
633 3445 724 3506 quam
747 3422 857 3507 Pyladi
877 3423 1004 3485 minime
1023 3422 1208 3501 inridemus,
1222 3421 1361 3487 Helenae

244 3606 438 3614 ...ι-

278 3699 295 3758 ¹)
313 3697 495 3746 Observandum
517 3702 554 3745 est
577 3713 660 3746 versus
682 3697 751 3745 chori
777 3696 909 3746 desiderari
933 3697 1020 3760 quibus
1037 3696 1146 3744 Menelai
1164 3696 1281 3745 adventus
1298 3713 1362 3746 nun·

242 3777 326 3835 tietur,
349 3777 413 3842 qnod
434 3776 560 3824 tamenin
578 3777 718 3841 quaestione
738 3776 766 3824 de
783 3775 905 3824 Troadum
924 3775 1102 3838 compositione
1122 3779 1292 3838 argumentum
1309 3791 1360 3824 essa

242 3856 334 3919 nequit,
352 3856 408 3918 quia
427 3860 452 3902 et
470 3855 539 3913 alibi,
558 3871 701 3918 quamquam
717 3856 742 3903 in
759 3861 828 3903 tanto
844 3870 1003 3918 personarum
1013 3870 1113 3903 numero
1123 3854 1360 3918 raro(quinqnicsni

242 3935 333 3995 fallor),
350 3935 415 3982 idem
433 3934 529 3982 accidit.
548 3935 599 3997 Ipsi
617 3935 658 3999 qui
673 3935 723 3982 sint
739 3940 847 3992 narrant,
863 3934 973 3981 adstante
988 3933 1029 3996 qui
1039 3949 1136 3981 narrare
1145 3933 1266 3997 potuisset
1277 3933 1365 3994 choro,

242 4015 317 4062 Jason
340 4014 411 4074 (Mad.
438 4012 504 4072 447),
528 4013 656 4061 Menelaus
673 4014 756 4074 (Andr.
776 4014 841 4073 309),
860 4012 1053 4075 Theoclymenus
1072 4012 1137 4071 (Hel.
1157 4012 1237 4071 1165),
1253 4012 1361 4060 Tiresias

241 4092 338 4154 (bacch.
362 4091 427 4150 170),
447 4092 559 4141 Achilles
581 4093 644 4156 (Iph.
669 4093 726 4141 Aul.
745 4093 809 4151 801).
829 4092 899 4140 Alios
918 4097 1042 4154 praetereo
1062 4106 1083 4138 v.
1103 4106 1122 4137 c.
1139 4090 1288 4150 Menelaum,
1303 4090 1360 4140 Hel.

242 4172 298 4229 386,
324 4171 392 4218 cuius
418 4171 547 4219 adventum
570 4172 684 4219 nuntiare
709 4188 757 4219 non
776 4171 859 4235 potuit
875 4170 970 4228 chorus,
989 4169 1045 4234 quia
1063 4186 1090 4217 ex
1109 4170 1232 4218 orchestra
1250 4176 1274 4219 et
1289 4187 1361 4219 socna

241 4251 342 4308 abierat,
360 4256 402 4297 aut
420 4249 533 4307 Dianam,
552 4251 627 4314 Hipp.
648 4251 720 4308 1282,
740 4267 799 4313 quae
818 4249 951 4313 improvisa
968 4249 1036 4296 venit
1052 4253 1076 4296 et
1092 4249 1184 4297 nemini
1199 4250 1285 4313 ignota
1299 4255 1360 4308 erat,

241 4335 284 4379 aot
309 4345 397 4387 servos,
422 4344 481 4392 quos
503 4329 626 4377 nominari
649 4345 698 4377 non
724 4345 784 4393 opus
802 4333 854 4376 erat
870 4328 927 4391 quia
944 4344 957 4374 a
974 4326 1071 4375 theatro
1090 4344 1102 4375 a
1122 4329 1213 4376 vestitu
1231 4334 1255 4377 ct
1272 4328 1360 4376 habitu

240 4409 314 4459 facile
331 4408 430 4472 agnosci
448 4411 569 4471 poterant.
