3218 5370
281 631 345 691 210
697 649 880 693 nrrnnrauu
903 652 938 693 11.

254 835 380 875 caecum
403 836 465 876 non
489 814 558 876 vult
583 815 738 878 deserere:
766 819 851 878 lbssl
877 814 949 879 ἀλλ’
978 817 1001 878 εἰ
1024 816 1187 894 νοομοίμνν,
1212 820 1248 881 σὺ
1272 820 1304 882 δὲ
1323 821 1378 896 μό-

255 937 299 984 νος
335 913 467 992 (Dadasa,
499 914 611 994 ποὶπερς
645 919 728 978 1666
760 915 812 979 axi
843 917 886 988 τίς
917 940 950 979 σε
973 919 1087 996 τυφλὸν
1110 916 1178 980 dara
1204 921 1377 999 θεραπεύσει,

255 1012 366 1093 πάτερ,
393 1013 505 1097 Neque
530 1038 547 1077 a
570 1017 728 1100 proposito
752 1017 876 1080 desistit
899 1018 951 1101 pia
970 1017 1044 1095 filia,
1065 1024 1153 1101 parat
1174 1019 1218 1081 ire
1231 1028 1262 1082 et
1275 1044 1378 1083 senem

256 1115 468 1194 manuducit,
489 1140 531 1179 vs.
554 1117 656 1179 1720:
678 1119 750 1198 τᾷδε
768 1120 840 1199 τᾷδε
860 1118 932 1195 aas}
949 1142 1007 1196 μοι,
1030 1120 1100 1199 τᾷδε
1123 1121 1283 1199 πᾷδεποῒμ
1297 1123 1372 1186 τίθει.

300 1214 361 1279 Sed
383 1215 475 1300 longe
499 1218 560 1280 alio
584 1224 768 1301 spectatus.
797 1221 879 1283 1657
906 1242 971 1306 sqq.
996 1219 1069 1282 ubi:

432 1318 490 1395 ἐγώ
514 1323 575 1398 σΦε
599 1319 682 1398 talpa
707 1316 762 1382 alia
785 1319 931 1399 σὶπεννὲπμ
957 1320 1049 1392 πόλος.

255 1439 298 1482 vs.
326 1421 421 1495 1659,
446 1418 501 1480 ubi
524 1419 652 1483 Creonti
674 1427 804 1483 mortem
828 1421 985 1484 minitanti
1011 1421 1191 1505 respondet:

431 1521 502 1582 ἀλλ’
527 1521 643 1593 εὐκλεές
666 1546 708 1585 πον
732 1521 781 1585 δύο
806 1522 884 1602 <tila
909 1523 1020 1585 κεῖσθμο
1045 1521 1148 1594 πέλοις.

256 1625 287 1681 61
309 1620 451 1704 inprimis
478 1623 581 1684 1746:

299 1719 328 1782 ἓν
358 1720 384 1783 εἴ
411 1745 451 1797 με
481 1759 525 1767 -
551 1720 687 1800 καλύψω,
720 1745 808 1804 quae,
840 1722 924 1805 quod
948 1722 1118 1785 tenendum
1144 1729 1200 1801 est,
1225 1723 1376 1785 exclamat

255 1843 327 1883 cum
350 1822 411 1884 iam
435 1822 467 1885 in
491 1844 526 1885 eo
551 1830 598 1885 est
622 1830 658 1885 61
681 1845 752 1885 cum
775 1830 862 1907 patre
887 1823 1026 1886 Athenas
1045 1823 1266 1907 proficiscatur.
1287 1823 1374 1885 Num

256 1920 318 1984 duo
348 1922 424 1985 haec
452 1923 545 1985 simul
569 1923 712 2007 perficere
736 1930 872 2007 poterat:
898 1930 1014 2007 patrem
1041 1923 1182 1986 Athenas
1206 1923 1319 1986 ducere
1343 1931 1375 1985 et

256 2021 338 2084 domi
362 2046 484 2086 manere
508 2031 545 2086 61
568 2024 693 2086 fratrem
717 2025 883 2108 sepeliret?
907 2024 981 2087 Non
1000 2025 1083 2107 sugit
1102 2023 1297 2087 scholiastam
1319 2024 1374 2085 du-

255 2123 368 2207 plicem
391 2123 442 2186 hic
465 2124 589 2188 subesse
613 2125 830 2204 narrationem,
855 2148 925 2187 cum
951 2125 989 2188 ad
1013 2148 1055 2187 vs
1083 2127 1166 2187 1692
1191 2130 1370 2186 annotaret:

257 2225 304 2287 Οὐ
328 2233 410 2304 ‘tapsi
429 2225 461 2288 πὸ
484 2225 642 2305 σύμφωνον
655 2274 749 2288 .....
775 2229 836 2297 πῶς
859 2225 915 2305 adp
937 2225 1021 2304 θάψει
1042 2225 1058 2297 ἡ
1079 2223 1232 2302 Ἀντιγόνη
1254 2224 1301 2287 τὸν
1314 2233 1371 2288 Πο-

255 2324 385 2396 λυνείκην
419 2325 495 2395 arith
531 2324 749 2406 σνμφεύνονσοο
779 2327 818 2405 τῷ
850 2325 953 2405 ποοπρίς
985 2324 1136 2404 πλεονοὶζεο
1166 2325 1196 2388 δὲ
1218 2323 1309 2404 τούτῳ
1332 2349 1371 2403 τῳ

254 2421 324 2487 ε’ίδεο
348 2425 516 2505 Εὐριπίδης.
542 2424 588 2488 Of.
612 2427 661 2489 ad.
685 2450 728 2488 vs.
755 2425 850 2488 1716.

298 2523 371 2587 Non
399 2532 525 2603 temere,
556 2527 674 2610 opinor,
698 2527 867 2589 statuimus
890 2526 941 2589 hic
965 2548 1061 2612 aeque
1084 2549 1119 2589 ac
1142 2526 1175 2587 in
1198 2523 1369 2587 Troadibus

253 2625 331 2689 duas
360 2625 480 2689 fabulas
510 2634 670 2690 contextas
692 2651 766 2704 6666,
790 2649 923 2713 quarum
948 2626 1044 2688 altera
1067 2627 1106 2688 de
1130 2626 1287 2708 Antigone
1310 2625 1367 2686 lra-

252 2731 332 2787 trem
355 2727 528 2810 sepelienti,
552 2727 648 2790 altera
672 2728 711 2790 de
734 2728 801 2790 eius
823 2727 916 2790 exilio
940 2733 1053 2809 ageret.

299 2826 331 2889 si
355 2851 426 2890 vera
451 2834 526 2891 sunt
548 2851 627 2915 quae
651 2828 819 2912 disputavi,
844 2850 861 2890 a
885 2826 1061 2890 Phoenissis
1085 2825 1252 2909 separanda
1277 2831 1366 2888 sunt:

297 2926 324 2990 I.
348 2928 548 3015 Colloquium
580 2927 721 2992 Creontis
752 2935 783 2991 et
816 2929 990 3011 Antigonae
1018 2949 1117 3012 usque
1141 2926 1179 2988 ad
1202 2949 1245 2988 vs.
1271 2928 1366 3002 1660,

253 3026 337 3113 quod
367 3033 469 3091 tamen
500 3029 591 3091 666116
614 3026 864 3092 circumscribere
887 3026 1001 3090 finibus
1025 3026 1148 3090 difficile
1172 3033 1228 3088 est.
1253 3022 1366 3087 Omnia

253 3128 379 3214 quidem
409 3128 487 3192 bene
517 3127 692 3213 procedunt
714 3130 740 3192 si
764 3128 952 3192 secludimus
976 3150 1034 3190 vss.
1061 3129 1288 3203 1639-1666,
1314 3126 1366 3189 sed

250 3229 342 3313 plura
364 3231 493 3293 fortasse
516 3231 548 3294 in
571 3231 679 3293 vicinis
702 3229 827 3294 turbata
851 3236 936 3308 6661,
955 3251 1057 3315 neque
1077 3227 1115 3290 de
1127 3227 1367 3311 interpolatione

250 3329 303 3392 sed
333 3329 371 3392 de
397 3329 520 3395 fabulae
542 3332 761 3394 retractatione
784 3337 830 3394 661
852 3329 1060 3414 cogitandum.
1085 3328 1213 3392 Movent
1236 3352 1284 3392 me
1307 3351 1365 3391 vss.

251 3431 336 3493 1643
359 3453 424 3519 sqq.

425 3531 501 3611 οέποὶρ
524 3531 551 3594 σ’
580 3533 670 3611 ἐρωτῶ
694 3532 742 3594 σὸν
765 3529 867 3595 νεωστὶ
891 3530 1024 3611 κοίρανον,

423 3631 549 3695 6166νῖ
575 3631 697 3711 ὑβρίζεις
722 3632 824 3712 πατέρ’
848 3631 1038 3695 ἀποστέλλων
1061 3629 1162 3709 χθονός
1170 3655 1179 3707 ;

422 3732 453 3795 πί
473 3732 652 3807 θεσμοποιεῖς
675 3731 722 3795 ἐπὶ
745 3733 919 3813 ποολοονπώρῳ
944 3732 1045 3810 νεκρῷ;

289 3830 375 3894 Duas
405 3831 553 3894 habemus
583 3832 840 3916 interrogationes
847 3860 855 3911 ;
887 3832 925 3894 ad
956 3831 1089 3916 priorem
1112 3852 1175 3893 non
1199 3827 1365 3911 respondet

244 3931 345 3995 Creon
375 3938 407 3994 et
430 3930 567 4015 spuriam
586 3955 652 3995 6616
678 3933 897 3996 existimarunt
919 3929 1143 3994 Valckenarius
1168 3936 1199 3992 et
1221 3928 1363 4015 plerique

240 4032 434 4116 interpretes.
471 4031 708 4113 Firnhaberum‚
747 4034 802 4120 qui
838 4031 1043 4095 Valckenario
1075 4030 1221 4106 occurrit,
1255 4027 1363 4091 multis

244 4155 281 4196 ex
310 4131 462 4217 Euripide
492 4132 628 4196 collectis
659 4135 805 4218 exemplis
834 4133 1113 4215 interrogationum
1136 4131 1175 4194 ad
1199 4152 1276 4217 quas
1300 4151 1361 4192 non

241 4234 473 4316 respondeatur,
504 4235 652 4297 refutavit
684 4235 770 4299 Geel.
795 4257 822 4298 6.
847 4235 877 4296 h.
901 4235 922 4296 l.
947 4232 1059 4320 Neque
1078 4232 1210 4296 dubium
1234 4237 1280 4294 est
1302 4231 1363 4293 lee-

241 4334 358 4396 tionem
385 4335 525 4397 codicum
548 4357 612 4397 non
634 4334 672 4397 ab
697 4336 847 4419 Euripide
869 4335 1040 4420 profectam
1066 4355 1138 4396 6666.
1166 4330 1361 4395 Probabilem

240 4454 312 4496 vero
342 4455 465 4498 causam
493 4433 566 4498 talis
596 4435 846 4518 interpolationis
879 4456 981 4512 nemo,
1005 4433 1089 4520 quod
1112 4432 1215 4510 seiam,
1239 4431 1359 4495 attulit.
