3218 5370
295 650 335 710 16
714 665 945 709 nemaususas.

269 832 399 908 toribus,
432 832 515 915 quod
547 831 603 894 hoc
632 831 699 894 loco
731 853 802 894 eum
832 831 939 894 fecisse
969 831 1168 914 perspicuum
1201 838 1256 893 est.
1283 831 1392 894 Simile

270 947 407 1030 quidde
431 969 473 1008 vs.
497 948 558 1007 161
585 942 809 1008 observandum
832 949 887 1006 est.
916 940 1024 1005 Verbis
1048 992 1067 1020 „
1078 940 1138 1020 abi,
1163 943 1313 1006 molestus
1344 941 1395 1006 es'’

270 1057 434 1142 respondet
465 1057 533 1121 Dic.
565 1055 745 1134 „Nondum
776 1056 833 1118 scis
863 1077 956 1137 quam
981 1054 1130 1118 molestus
1154 1054 1219 1140 ipse
1243 1054 1312 1131 sis'',
1338 1053 1390 1118 sed

269 1173 343 1235 haec
374 1194 435 1235 nou
460 1171 504 1234 ita
527 1170 646 1254 prolata
671 1193 735 1232 esse
760 1174 796 1230 ut
819 1166 995 1251 Euripides,
1022 1190 1115 1249 quem
1141 1165 1198 1230 sibi
1224 1167 1391 1231 conciliare

270 1284 386 1362 studet,
412 1306 591 1367 responsum
615 1282 748 1358 audiret,
774 1280 975 1346 manifestum
1002 1288 1058 1343 est.

315 1396 401 1460 Haeo
422 1397 529 1480 igitur,
549 1395 725 1478 tragoediae
747 1393 914 1457 involucris
933 1391 1074 1472 sublatis
1095 1392 1198 1455 evadit
1218 1394 1392 1456 sententia:

175 1528 177 1532 '
273 1509 439 1594 (Euripidi)
476 1509 599 1571 Gratias
631 1508 685 1570 titi
713 1530 833 1587 μαρααε
864 1530 927 1586 ορο.
958 1505 1113 1588 (Theatro)
1148 1506 1307 1588 Τνορυοοίοο
1331 1529 1396 1570 varo

247 1651 249 1655 ·
276 1624 415 1704 Τυίερίυο
438 1629 550 1703 ρονοαί.

273 1841 326 1906 Vs.
340 1837 409 1904 455
434 1844 482 1906 Ad
503 1843 594 1908 verba
612 1843 759 1921 βούλομαι
779 1844 806 1906 δ’
830 1842 908 1920 ὅμως
927 1842 1033 1919 λαβεῖν
1054 1842 1155 1906 Schol.
1176 1850 1315 1920 μιμεῖται
1334 1845 1381 1906 τὸν

272 1959 423 2038 Εὐριπίδου
446 1963 622 2037 χαρακτῆρα
646 1957 685 2035 τῷ
710 1960 797 2035 λόγῳ,
823 1962 855 2018 et
874 1955 1026 2018 Mueller:
1046 1955 1186 2033 „Denuo
1205 1957 1386 2040 perstringit

273 2071 455 2154 Euripidem
486 2077 610 2154 propter
634 2070 803 2132 sententias
826 2069 983 2152 eleganter
1007 2069 1063 2133 sibi
1089 2069 1243 2154 oppositas
1267 2068 1320 2133 sed
1345 2068 1393 2132 iu-

272 2184 402 2247 telleotu
433 2182 600 2247 carentes”.
631 2182 729 2246 Cuius
761 2183 808 2245 rei
839 2183 979 2267 exempla
1009 2204 1069 2246 non
1101 2181 1231 2262 addidit,
1261 2188 1293 2243 et
1316 2204 1393 2245 num

272 2318 380 2360 vorum
415 2296 527 2359 viderit
559 2296 722 2359 scholiasta
758 2295 954 2358 vehementer
988 2296 1108 2359 dubito.
1143 2295 1276 2359 Minime
1312 2317 1392 2379 nego

272 2409 404 2472 similem
439 2407 601 2472 verborum
636 2407 779 2491 syntaxiu
809 2408 842 2470 in
873 2408 1032 2492 Euripidis
1057 2409 1225 2492 tragoediis
1255 2407 1392 2492 reperiri,

274 2521 362 2585 volut
385 2521 481 2606 Hipp.
508 2523 590 2584 ala:

362 2624 366 2632 ¹
417 2644 477 2698 TP.
504 2634 600 2711 οὶννίις
623 2635 686 2711 μὲν,
711 2628 731 2696 ὦ
755 2641 818 2706 παῖ,
843 2641 947 2714 χεῖρας
971 2631 1098 2711 αἵματος
1121 2633 1238 2714 Φέρεις;

418 2758 483 2812 ΦΑ.
508 2755 605 2827 χεῖρες
629 2748 683 2824 μὲν
707 2746 810 2824 οίγναί,
835 2747 910 2827 Φρίρν
934 2747 959 2810 δ’
983 2744 1046 2824 ἔχει
1070 2745 1195 2823 μίαομοί
1219 2771 1255 2809 τι.

275 2869 307 2925 at
329 2863 398 2945 quis
422 2867 468 2924 est
491 2862 546 2943 qui
568 2860 642 2923 talia
664 2860 759 2943 digna
782 2859 900 2923 iudicet
923 2881 1002 2942 quae
1022 2857 1259 2944 improbentur?
1283 2859 1395 2942 Neque

275 2976 358 3061 apud
382 2998 482 3039 unum
504 2950 685 3059 Euripidem
710 2974 862 3038 eiusmodi
885 2974 1058 3037 sententiae
1082 2979 1260 3051 occurrunt,
1286 2996 1393 3037 verum

276 3089 359 3173 apud
390 3088 550 3172 plerosquo
580 3094 696 3172 poetas.
721 3086 847 3150 Alludit
870 3087 924 3150 Ar.
949 3085 1027 3149 Ean.
1055 3089 1136 3149 1425
1163 3087 1201 3149 ad
1224 3086 1310 3151 Ionis
1333 3108 1396 3149 ver-

276 3224 361 3265 sum:
393 3208 465 3282 σιγᾷ
495 3202 558 3279 μὲν,
590 3200 721 3281 ἐχθαίρει
753 3201 805 3272 δὲ·
827 3200 969 3278 βούλεταί
991 3225 1027 3277 γε
1050 3203 1119 3281 μήν,
1145 3209 1177 3265 et
1200 3199 1307 3265 scribit
1330 3201 1395 3285 ipse

276 3316 411 3379 comicus
434 3314 492 3379 Av.
517 3316 598 3377 itt:

442 3437 505 3492 ΕΠ.
531 3426 633 3492 ἔπειτα
657 3428 747 3508 μείζω
771 3433 827 3492 τῶν
852 3433 988 3508 Κραναῶν
1010 3428 1109 3508 ζητεῖς
1133 3429 1232 3501 πόλινς

442 3551 506 3607 ΕΤ.
530 3540 619 3621 μείζω
645 3543 699 3619 μὲν
722 3540 801 3606 οὐδὲν
826 3540 1060 3621 προσφορωτέραν
1084 3539 1115 3602 δέ
1139 3540 1198 3618 νῷν.

322 3653 367 3718 Cf.
392 3652 477 3717 Nub.
503 3654 577 3731 487,
601 3652 716 3737 quibus
739 3654 815 3717 locis
838 3652 963 3737 parodia
986 3673 1048 3714 non
1072 3651 1163 3712 inest.
1188 3649 1322 3712 Fallitur
1340 3648 1396 3732 igi·

277 3775 330 3831 tur
363 3766 535 3846 scholiasta,
570 3773 626 3829 aut
655 3767 721 3829 eius
755 3765 915 3828 annotatio
945 3763 984 3827 ad
1014 3761 1249 3846 praecedentem
1272 3782 1394 3824 versum

276 3878 808 3963 mmmwmffiffll

278 4099 331 4163 Vs.
356 4091 437 4161 471.
774 4098 825 4163 καί
850 4098 907 4179 γοίρ
930 4099 988 4175 εἰμ’
1013 4096 1094 4175 dyas

499 4213 632 4293 ὀχληρὸς,
655 4214 687 4276 οὐ
710 4211 797 4275 δοκῶν
820 4236 859 4288 με
882 4210 1024 4291 κοιράνους
1046 4217 1174 4288 οτυριείν.

321 4321 371 4386 Er.
398 4325 470 4388 572.
495 4324 598 4388 Schol.
623 4329 719 4388 Τοῦτο
741 4321 948 4404 πεπαρῴδηται
971 4324 1095 4401 οίοιίμυς
1118 4320 1152 4396 ἐξ
1183 4321 1288 4393 Οίνέας
1311 4321 1396 4401 Εὐρι-

277 4436 368 4505 arbro.
393 4438 459 4502 ίδὲ
481 4437 655 4518 Σύμμαχος
676 4436 728 4502 καί
751 4440 784 4502 ἐκ
806 4429 948 4519 Τηλέφου
972 4435 1065 4519 Φνοίν
1087 4434 1167 4500 αὐτό.
1193 4434 1241 4498 Eu
1261 4455 1322 4516 qua
1344 4456 1395 4497 an·
