3218 5370
292 640 333 700 36
758 655 900 714 squiras.

311 820 429 882 Eodem
453 843 584 884 numero
607 819 768 883 habendus
795 829 841 882 est
865 843 908 882 vs.
935 821 1019 882 1237

442 937 503 1003 πῶς
524 928 627 1005 siriam
652 930 689 1003 ὥς
713 934 770 1009 μού
793 934 929 1012 χρησμὸς
951 931 1079 995 tereres
1102 938 1219 1012 φρενῶν.

269 1168 324 1232 Vs.
351 1161 454 1229 1240.
480 1162 500 1228 ὦ
525 1165 608 1242 Φοῖβ’
632 1163 785 1229 ’Ἄπολλον
809 1165 908 1237 Λύκιε,
932 1167 963 1229 πί
983 1166 1053 1229 ποτέ
1076 1167 1110 1242 μ’
1134 1165 1265 1244 {pydum

313 1280 415 1342 Schol.
445 1279 458 1341 ὁ
481 1279 585 1356 στίχος
608 1280 640 1341 ἐκ
666 1278 808 1356 Τηλέφου
831 1278 992 1357 Εὐριπίδου.
1018 1278 1120 1360 Argis,
1145 1298 1206 1359 quo
1231 1276 1388 1360 Telephus
1414 1330 1417 1334 .

268 1400 403 1467 venerat,
434 1391 586 1474 ternplum
619 1391 714 1452 fuisse
746 1389 884 1473 Apollini
914 1389 1008 1473 Lycio
1040 1412 1159 1452 sacrum
1183 1396 1287 1451 monet
1311 1387 1386 1450 Geel

268 1505 301 1567 in
335 1526 443 1567 comm.
475 1501 513 1565 de
542 1502 690 1586 Telepho,
723 1502 817 1565 allato
848 1501 940 1564 Paus.
973 1501 1009 1563 ΙΙ
1038 1525 1063 1565 c.
1092 1505 1142 1564 19.
1166 1502 1238 1564 Non
1262 1509 1387 1585 apparet

268 1616 358 1678 cuius
392 1615 466 1677 haec
496 1615 615 1677 fuerint
646 1613 748 1690 verba,
779 1615 877 1697 ipsius
907 1613 1046 1697 Telephi,
1078 1615 1133 1696 qui
1163 1636 1199 1676 ex
1231 1614 1388 1698 Apollinis

268 1749 413 1811 responso
443 1728 542 1811 Argos
573 1733 709 1803 venerat,
734 1749 772 1789 an
798 1750 825 1788 v.
852 1749 877 1788 c.
900 1727 1150 1808 Agamemnonis,
1176 1727 1265 1789 cuius
1287 1726 1386 1789 filium

269 1838 434 1923 Telephus,
466 1839 505 1901 ad
534 1840 690 1923 Apollinis
713 1862 797 1901 aram
821 1861 892 1901 cum
915 1839 1113 1922 confugisset,
1138 1840 1310 1901 interficere
1334 1840 1388 1901 mi·

271 1951 440 2015 nitebatur.

270 2174 324 2239 Vs.
352 2165 454 2234 1243.
646 2173 739 2236 οὐκέτ’
768 2174 846 2237 οὐδέν
869 2175 927 2249 εἰμ’
951 2174 1017 2249 ἐγώ.

315 2285 435 2364 „Auch
465 2283 565 2347 dieser
593 2283 670 2348 Vers
701 2285 756 2348 hat
782 2308 861 2369 gana
891 2286 1061 2368 tragisches
1093 2285 1219 2363 Pathos,
1251 2284 1386 2347 obschon

270 2400 355 2478 „der
378 2397 545 2461 Ausdruck
569 2398 633 2461 sich
655 2399 687 2460 in
708 2398 762 2461 der
783 2399 898 2483 Sphare
918 2398 971 2461 des
983 2398 1138 2482 tagliohen
1151 2396 1273 2460 Lebens
1285 2399 1385 2461 halt.'’

269 2511 358 2575 Kock
383 2534 409 2573 a.
434 2512 466 2574 h.
492 2510 512 2573 l.

314 2624 471 2688 Postrema
499 2624 589 2687 verba
619 2645 695 2686 num
726 2647 796 2686 vera
819 2625 882 2686 sint
905 2623 1026 2688 dubito.
1052 2625 1147 2687 Οὐδὲν
1170 2619 1250 2696 εἶνοιν,
1275 2625 1387 2688 viribus

269 2740 442 2803 destitutum
465 2761 533 2816 esee,
557 2739 636 2799 nihil
658 2739 765 2814 calere,
790 2761 807 2798 a
830 2737 1014 2820 quotidiano
1037 2736 1224 2800 Graecorum
1247 2758 1386 2800 sermone

223 2870 226 2875 ·
271 2873 333 2914 non
369 2850 505 2912 alienum
542 2856 607 2927 est,
643 2850 722 2912 οὐδὲν
745 2844 777 2927 εἶ,
802 2851 881 2912 nihil
901 2873 940 2927 ee,
961 2849 1197 2933 indignabunda
1219 2849 1385 2932 respondet

270 2960 444 3044 Praxagora
474 2960 545 3044 Lys.
580 2964 652 3023 144.
685 2962 728 3022 At
759 2962 814 3044 qui
845 2961 923 3025 οὐδέν
954 2963 1012 3038 εἰμι
1036 2961 1086 3024 uel
1109 2961 1201 3024 οὐκέτ’
1225 2959 1303 3023 οὐδέν
1326 2960 1385 3035 εἰμ’

269 3075 327 3150 ἐγώ
358 3074 508 3136 exclamat
535 3074 683 3156 tragicam
708 3074 773 3156 agit
796 3096 957 3157 personam
981 3080 1036 3136 aut
1059 3074 1211 3156 tragicum
1236 3072 1327 3142 πάθος
1350 3073 1388 3134 si-

269 3185 380 3262 mulat,
416 3192 453 3247 ut
486 3184 664 3247 Philocleon
695 3184 787 3268 Vesp.
821 3189 882 3249 997
916 3194 947 3248 et
976 3184 1151 3248 Lamachus
1182 3185 1258 3247 Ach.
1291 3186 1385 3246 1185.

271 3295 357 3360 Alibi
390 3298 423 3360 in
453 3297 549 3359 Arist.
574 3320 636 3359 non
660 3297 805 3375 occurrit,
830 3319 936 3359 verum
961 3297 1138 3380 saepissime
1161 3296 1194 3358 in
1218 3296 1386 3378 tragoedia,

268 3432 296 3472 ν.
329 3433 354 3472 c.
380 3408 477 3471 Andr.
504 3411 605 3484 1077;
630 3409 701 3471 Hel.
728 3411 812 3471 1194
836 3408 892 3471 ubi
916 3407 996 3471 οὐδέν
1019 3409 1078 3483 εἰμ’
1104 3415 1135 3470 et
1160 3406 1238 3471 οὐδέν
1262 3407 1321 3484 εἰμ’
1346 3405 1388 3469 ἔτι

268 3521 350 3584 idem
374 3522 477 3584 valent
501 3544 535 3583 ac
558 3520 680 3599 οἴχομοον
704 3528 736 3583 et
760 3520 874 3594 θλοολοο;
899 3520 966 3583 Alc.
994 3520 1069 3596 387,
1094 3522 1168 3596 399,
1189 3517 1244 3582 uhi
1265 3518 1302 3581 de
1322 3519 1388 3602 ipsa

269 3641 367 3697 morte
390 3657 489 3697 sermo
513 3640 569 3696 est.
901 3620 905 3627 ’

271 3859 324 3922 Vs.
352 3851 455 3918 1244.
503 3857 597 3928 λεπτή
621 3879 667 3925 τις
692 3855 775 3926 ἐλπίς
797 3855 858 3917 ἐστ’
884 3856 933 3934 ἐφ’
958 3849 991 3926 ἧς
1014 3854 1174 3932 ὀχούμεθα.
1226 3834 1230 3840 ’

312 3969 362 4033 Fr.
394 3967 496 4051 adesp.
530 3970 581 4030 38.
613 3966 653 4029 N.
683 3968 794 4030 Simile
817 3968 894 4050 quid
918 3967 993 4030 Eur.
1020 3964 1074 4029 Or.
1102 3970 1159 4029 68:
1185 3966 1231 4028 ἐπ’
1256 3966 1391 4034 οὶοθενοῦς

268 4087 355 4163 ῥοπῆς
378 4080 529 4159 ὀχούμεθ’,
555 4079 610 4142 uhi
630 4080 805 4162 genuinum
826 4085 912 4159 ῥοπῆς
932 4101 987 4163 pro
1002 4080 1099 4159 ῥώμης
1112 4078 1253 4142 restituit
1265 4075 1387 4140 Nauck.

268 4193 314 4258 Cf.
346 4193 438 4256 Rihb.
463 4215 490 4256 a.
515 4193 546 4255 h.
571 4192 592 4256 l.
618 4200 649 4255 ct
673 4192 784 4270 Koch„
810 4193 866 4274 qui
891 4193 1043 4275 originem
1067 4191 1267 4276 metaphorae
1292 4195 1391 4252 osten-

265 4307 321 4370 dit.
346 4305 387 4369 In
410 4304 575 4389 Gerytade,
600 4304 637 4368 fr.
665 4309 739 4382 198,
764 4304 901 4388 legitur:

471 4421 508 4490 ὡς
530 4419 632 4499 σφόδρ’
650 4416 699 4481 ἐπὶ
722 4420 835 4480 λεπτῶν
858 4416 988 4480 ἐλπίδων
1011 4414 1123 4494 θχεῖοθ
1153 4413 1218 4494 ἄρα·
