3218 5370
744 596 860 640 andan.

460 760 505 832 τίς
531 760 557 825 δ’
580 753 652 824 οἶδεν
674 761 698 824 εῖ
722 762 754 826 τὸ
776 760 829 840 ζῆν
853 761 908 839 μέν
934 764 995 825 ε’στο
1018 764 1182 840 κατθανεῖν,

460 874 492 937 τὸ
516 875 669 937 κατθανεῖν
694 875 725 937 δὲ
747 873 800 954 ζῆν
826 874 906 938 κύτω
930 873 1094 956 νομίζεταν;

284 982 332 1048 De
355 986 474 1068 origine
493 985 588 1050 huius
607 987 669 1050 loci
688 986 879 1050 dissentiunt
899 995 1017 1051 veteres
1038 988 1231 1072 interpreter.
1245 987 1361 1051 Phrixo

240 1097 386 1161 tribuunt
417 1097 520 1163 Schol.
551 1123 579 1162 a.
605 1077 644 1162 lh.
674 1100 696 1161 l.
720 1106 751 1162 et
775 1100 877 1163 Schol.
902 1099 978 1162 Ray.
1004 1100 1083 1164 Van.
1113 1102 1207 1178 1478,
1232 1100 1362 1185 Polyido

241 1209 344 1273 Schol.
368 1210 444 1274 Eur.
468 1211 564 1296 Hipp.
592 1215 665 1289 192,
689 1211 863 1297 Hippolyto
887 1213 988 1276 Sahal.
1014 1236 1073 1276 ree.
1102 1214 1186 1276 1478
1212 1213 1284 1277 ubi:
1306 1212 1362 1276 οῖλ-

241 1335 307 1394 λως.
332 1328 418 1387 τοῦτο
439 1321 472 1398 ἐξ
495 1322 672 1388 Ἱππολύτου
696 1324 846 1405 δρύματος
1164 1324 1165 1328 ’

463 1436 507 1508 τῖς
531 1431 606 1500 οἶδεν
629 1437 653 1500 εῖ
675 1438 707 1502 τὸ
730 1436 782 1517 ζῆν
806 1437 860 1514 μὲν
884 1439 944 1501 ἐστι
968 1440 1133 1515 κατθανεῖν,

464 1551 496 1614 τὸ
518 1551 673 1613 κατθανεῖν
696 1550 727 1614 δὲ
748 1549 811 1630 ζῆν,
837 1551 940 1615 ύπνούν
964 1552 995 1615 δὲ
1019 1553 1051 1615 τὸ
1078 1553 1229 1615 κατθανεῖν
1235 1577 1244 1629 ;

285 1661 418 1746 Bentley
451 1662 499 1724 hie
529 1663 561 1725 ἐκ
593 1662 737 1726 Πολυΐδου
768 1663 936 1746 legendum
972 1687 1035 1726 esse
1073 1664 1195 1727 censuit
1230 1686 1364 1746 eumque

242 1776 342 1838 secuti
364 1783 439 1839 sunt
460 1775 572 1840 Nauck
597 1783 628 1839 et
648 1775 791 1840 Dindorl.
814 1777 962 1840 Attamen
983 1799 1171 1860 quamquam
1184 1778 1363 1860 gravissima

242 1895 289 1952 est
317 1890 428 1953 talium
459 1891 595 1953 virorum
624 1892 779 1966 actoritate,
810 1890 890 1953 illud
921 1888 954 1965 ἐξ
985 1892 1158 1956 Ἱππολύτου
1189 1892 1363 1974 genuinum

242 2024 309 2067 esse
339 2003 478 2088 suspicor
508 2012 539 2067 et
561 2005 658 2068 altius
682 2005 880 2089 repetendam
901 2029 965 2068 esse
988 2007 1098 2069 erroris
1121 2029 1245 2069 causam
1269 2028 1363 2088 quarn

242 2140 258 2180 e
282 2117 391 2180 calami
413 2116 503 2202 lapsu
526 2117 659 2181 alieuius
681 2118 810 2181 librarii.

286 2228 374 2292 Idem
406 2231 489 2293 enim
518 2231 682 2314 Hippolyti
714 2253 823 2293 nornen
856 2231 1015 2294 invenitur
1046 2231 1080 2294 in
1104 2231 1208 2294 Sehol.
1232 2231 1308 2294 Rav.
1333 2237 1364 2294 et

245 2342 324 2406 Veri.
353 2346 448 2408 1478.
473 2343 512 2406 ln
537 2343 612 2407 Rev.
635 2345 673 2427 (si
689 2344 843 2408 Dindorfii
863 2346 1096 2408 annotationem
1107 2345 1363 2428 reeteintellego)

242 2459 324 2536 παρα
345 2458 385 2522 τοῖ
408 2460 440 2523 ἐκ
464 2455 565 2539 Φρίξου
589 2461 656 2539 Εύρ.
680 2459 713 2522 τὸ
737 2459 767 2522 δὲ
791 2459 888 2522 κύδκν
907 2458 1085 2538 προσέθηκεν,
1107 2457 1205 2529 ἐπειδὴ
1218 2457 1363 2520 καθεύδειν

141 2604 142 2607 “
243 2570 311 2651 ἔφη.
337 2568 370 2645 ἐξ
395 2570 569 2635 Ἱππολύτου
593 2570 759 2651 Εὐριπίδου,
783 2571 816 2634 in
839 2569 919 2634 Veri.
940 2578 1009 2654 post
1029 2568 1105 2649 ἔφερε
1125 2567 1157 2642 ἐξ
1179 2568 1362 2632 Ἱππολύτου.

242 2685 275 2747 τὸ
299 2684 330 2747 δὲ
353 2685 450 2748 λοιπὸν
472 2685 505 2747 τὸ
528 2684 679 2747 κατθανεῖν
703 2684 734 2747 δὲ
756 2682 819 2762 ζῆν.
845 2686 896 2746 An
921 2684 969 2746 his
993 2705 1117 2766 quoque
1142 2683 1265 2746 duobus
1285 2683 1361 2746 locis

244 2795 417 2860 Ἱππολύτου
441 2804 622 2879 corruptum
646 2803 693 2860 est
716 2819 732 2859 e
757 2797 926 2863 Πολυΐδουῗ2
947 2796 1007 2859 Sed
1025 2797 1106 2860 nihil
1125 2796 1287 2881 proficitur
1307 2796 1364 2859 hae

207 2961 210 2969 ,
244 2910 430 2972 coniectura.
463 2909 545 2973 Nam
577 2910 641 2972 sive
671 2911 703 2973 ἐκ
735 2919 806 2972 Πολ.
833 2909 971 2993 legamus
996 2911 1060 2973 sive
1083 2907 1116 2984 ἐξ
1140 2911 1231 2981 Ἱππ.,
1255 2931 1360 2971 sanam

244 3022 430 3085 sententiam
460 3023 574 3085 frustra
607 3023 794 3105 quaerimur,
820 3029 851 3085 et
874 3022 985 3086 deinde
1008 3024 1042 3086 in
1066 3022 1104 3085 a.
1129 3030 1161 3085 et
1184 3021 1223 3084 V.
1247 3021 1364 3084 mentio

244 3134 367 3224 Polyidi
391 3135 448 3198 hoo
471 3135 539 3199 loco
561 3136 627 3198 fieri
651 3157 713 3198 non
732 3135 845 3218 potuit,
866 3158 938 3199 oum
959 3159 975 3198 e
996 3135 1096 3199 Schol.
1122 3139 1206 3199 1082
1219 3140 1365 3219 appareat

244 3248 422 3312 scholiastae
445 3249 549 3312 locum
572 3248 693 3333 Polyidi
715 3271 778 3311 non
801 3249 933 3312 novisse.

289 3361 375 3441 Quid
409 3361 526 3446 igitur?
559 3361 700 3426 Fritsehe
732 3360 824 3425 verba
856 3358 889 3435 ἐξ
920 3362 999 3423 Ἱππ.
1034 3384 1051 3424 e
1082 3360 1183 3423 Sehol.
1209 3358 1246 3421 R.
1271 3365 1303 3421 et
1325 3358 1364 3420 V.

245 3477 337 3540 eiecit
365 3477 480 3560 quippe
505 3497 584 3558 qnae
608 3499 624 3538 e
649 3475 750 3538 Schol.
778 3477 860 3539 1471
886 3473 949 3537 huo
972 3474 1162 3558 irrepserint.
1190 3472 1272 3536 Mihi
1294 3495 1365 3535 vero

244 3591 369 3654 videtur
399 3613 470 3653 vera
500 3589 612 3652 erroris
643 3611 734 3652 eausa
764 3587 941 3670 quaerenda
964 3610 1029 3650 esse
1052 3587 1086 3650 in
1109 3586 1212 3650 Schol.
1239 3589 1324 3649 1082
1349 3609 1365 3649 e

245 3726 307 3787 quo
331 3703 424 3766 etiam
449 3702 499 3766 Fr.
525 3701 625 3765 Sehol.
650 3724 710 3764 ree.
739 3703 823 3766 lata
850 3701 1025 3764 conlectum
1052 3723 1116 3763 esse
1140 3699 1319 3763 arbitratur.

289 3815 392 3879 Sehol.
426 3817 510 3877 1082
542 3814 676 3897 legimus
700 3811 761 3876 ἔστι
785 3811 839 3889 μὲν
863 3812 945 3893 παροδ
967 3812 1007 3876 τα
1031 3814 1064 3876 ἐκ
1087 3808 1188 3890 Φρίξου
1212 3812 1298 3890 Erip:
1321 3810 1366 3881 τίς

246 3928 272 3992 δ’
296 3922 371 3991 οἶδεν
394 3965 439 3977 —-
462 3927 493 3991 δὲ
514 3925 576 4006 ζῆν.
597 3927 668 3989 αλλ’
688 3926 701 3990 ὁ
721 3925 814 4003 λέγων
833 3923 897 3989 εὀτῖ
912 3922 1022 4006 Φρίξος.
1036 3921 1115 3996 οὗτος
1128 3925 1159 3988 δὲ
1173 3922 1366 4007 (Aristopha-

244 4043 310 4125 nes)
342 4043 379 4112 ὡς
410 4039 493 4120 παρα
523 4040 659 4117 γυναικὸς
682 4038 825 4119 εῖρκροὲνον
849 4039 923 4103 αὐτὸ
946 4037 1035 4116 λέγει.
1062 4039 1131 4101 ἰδεῖν
1154 4031 1201 4100 ούν
1223 4037 1281 4116 χρὴ
1306 4036 1365 4113 μή·
1455 4040 1457 4045 ’

245 4176 316 4217 ποτε
350 4153 398 4216 τὸν
428 4153 517 4217 αὐτὸν
548 4155 608 4215 νούν
639 4152 708 4231 παρ’
740 4151 883 4230 Εύροπῖδρ
916 4150 988 4227 γυνὴ
1020 4149 1094 4229 λέγρ
1118 4148 1169 4212 καῖ
1194 4149 1311 4226 μήποτε
1332 4151 1365 4212 τὸ

246 4264 300 4328 ὑπὸ
323 4271 377 4337 τῆς
399 4267 506 4344 τροφοῦ
530 4263 558 4325 ἐν
583 4261 749 4341 Ἱππολύτῳ
772 4261 948 4338 λενθμενονε
1183 4247 1185 4255 ’

465 4377 535 4439 ἀλλ’
558 4373 576 4440 d
595 4399 622 4439 το
645 4379 696 4438 τοῦ
719 4374 772 4454 ζεῖν
795 4375 856 4438 κτὲ.
880 4398 923 4438 τε.
951 4377 1023 4437 192.
