3218 5370
262 625 325 686 112
621 641 972 688 summoruoamausan.

239 833 266 873 a.
291 810 320 872 h.
346 810 367 871 l.
398 810 426 871 A
449 808 599 894 Sophocle
623 809 707 873 huno
726 833 849 873 versum
873 811 1023 895 scriptum
1046 833 1110 873 esse
1134 819 1264 891 constat,
1288 812 1356 876 vid.

241 922 336 986 Dind.
360 923 396 987 fr.
422 923 516 1007 Soph.
543 926 592 986 12.
616 924 760 987 Eundem
784 946 905 987 versum
928 924 1073 1009 Euripidi
1099 923 1247 990 tribuunt
1265 925 1355 990 Plato

241 1043 272 1100 et
302 1036 404 1100 Schol.
437 1060 464 1099 a.
490 1036 521 1099 h.
546 1037 567 1099 l.
592 1038 630 1100 cf.
655 1038 763 1120 fragm.
789 1039 844 1102 Ar.
870 1040 943 1100 239.
971 1038 1030 1101 Sed
1054 1044 1130 1102 utut
1153 1048 1210 1119 est,
1235 1041 1361 1104 minime

240 1155 361 1213 constat
383 1149 623 1233 Aristophanem
647 1172 751 1213 revera
776 1150 860 1214 hunc
882 1151 985 1214 locum
1010 1152 1188 1236 respexisse,
1209 1175 1310 1235 neque
1323 1152 1361 1216 ab

240 1264 364 1348 Engero
393 1265 666 1349 reprehendendus
697 1271 762 1327 erat
791 1263 943 1341 Eritsche,
968 1267 1082 1329 mirans
1107 1264 1289 1330 scholiastae
1314 1290 1360 1330 ar·

241 1378 508 1458 gumentationem
539 1378 594 1461 qui
625 1401 662 1441 ex
693 1378 878 1441 Mnesilochi
907 1379 1026 1441 senario
1050 1376 1215 1442 concludat
1239 1402 1362 1443 versum

240 1490 331 1573 longe
362 1490 438 1554 huic
469 1490 650 1571 dissimilem
680 1491 825 1575 Euripidi
856 1491 1098 1554 adiudicandum
1122 1514 1197 1554 esse.
1223 1490 1255 1554 Si
1280 1491 1362 1554 enim

240 1626 363 1666 versum
393 1602 533 1679 allatum,
564 1604 644 1667 sitne
673 1603 832 1688 Sophoclis
854 1626 893 1666 an
916 1603 1086 1688 Euripidis,
1110 1603 1306 1667 auditoribus
1329 1605 1362 1668 in

242 1717 420 1779 memoriam
450 1739 592 1780 revocare
623 1716 681 1780 sibi
712 1717 923 1802 proposuisset
952 1717 1098 1795 comicus
1127 1737 1190 1780 uon
1213 1717 1244 1780 ui
1267 1716 1362 1798 σοφαὶ

240 1827 384 1904 revocatae
409 1830 580 1915 scripsisset
604 1831 657 1894 sed
679 1830 695 1904 ἡ
719 1835 818 1912 σοφῶν
841 1827 986 1904 Souroutos.

285 1944 450 2006 Parodiam
473 1949 613 2006 statuens
637 1942 801 2007 scholiasta
824 1966 940 2007 errasse
964 1942 1087 2006 videtur
1106 1943 1189 2025 quod
1210 1943 1359 2007 etiamad

242 2054 329 2119 Nuh.
356 2058 450 2133 1162,
475 2053 568 2140 Vesp.
596 2057 689 2134 1326,
715 2055 786 2139 Lys.
814 2057 908 2133 1257,
935 2058 993 2120 Av.
1020 2056 1104 2119 1720
1129 2055 1251 2120 accidit.

245 2278 295 2342 Vs.
321 2271 475 2341 39-63.
501 2277 667 2341 Famulum
702 2279 877 2362 Agathonis
907 2279 1082 2364 ampullari,
1115 2285 1151 2342 ut
1182 2280 1214 2342 in
1247 2278 1363 2342 Achar-

241 2393 388 2456 nensibus
419 2391 644 2477 Cephisophon,
668 2415 759 2456 nemo
782 2415 844 2455 non
868 2393 1093 2472 animadvertit,
1119 2393 1163 2455 ita
1187 2399 1224 2456 ut
1243 2392 1282 2455 de
1303 2392 1361 2454 sirr-

241 2505 323 2590 gulis
346 2529 470 2570 monere
493 2528 556 2570 non
579 2528 657 2591 opus
681 2506 732 2569 sit.

242 2733 294 2798 Vs.
320 2727 376 2798 76.
668 2730 737 2809 τῇδε
762 2727 871 2811 θήμέρᾳ
893 2731 1053 2809 κριθήσεται

286 2960 391 3025 Dictio
414 2959 540 3043 tragica.
565 2959 616 3020 An
639 2956 715 3019 talia
737 2956 770 3019 in
794 2955 897 3039 aliqua
919 2955 1077 3038 tragoedia
1096 2954 1252 3039 scripserit
1270 2952 1362 3016 Euri-

242 3075 329 3160 pides
353 3073 397 3157 (in
421 3094 484 3156 qua
506 3069 591 3134 ὄλωλ’
614 3092 670 3155 pro
692 3068 845 3152 ἀπόλωλ’)
872 3068 1040 3131 nescimus.

243 3299 296 3364 Vs.
323 3291 379 3360 92.
508 3294 609 3376 λθθρρι,
633 3293 739 3366 στολὴν
762 3291 898 3370 νννννκθς
922 3290 1133 3371 ἠμφιεσμένον.

287 3409 445 3474 Eritsche:
476 3406 566 3486 „Hic
597 3429 702 3470 versus
733 3405 826 3487 λθθρρι
853 3405 914 3468 ari.
938 3409 1024 3467 totus
1048 3403 1144 3488 spirat
1166 3401 1358 3486 tragoediam

243 3635 348 3684 bendum
374 3649 437 3681 csse:
463 3627 573 3692 (θπετέθν
600 3627 633 3688 δὲ)
656 3629 683 3674 τὸ
706 3624 801 3674 εἴδωλον
825 3623 873 3684 οὔχ
898 3622 950 3672 dhar
968 3621 1050 3679 αθνῖρς,
1068 3623 1093 3669 οἱ
1107 3620 1128 3670 δ’
1147 3620 1225 3677 alcaeo
1244 3619 1285 3683 (ἐν)
1307 3637 1364 3668 uro

243 3727 286 3782 ’ἕως
308 3722 357 3772 uri.
380 3739 475 3772 mecum
496 3718 685 3769 communicavit
708 3734 729 3765 v.
755 3734 793 3764 am
813 3733 835 3764 v.
854 3715 943 3772 Herw,
961 3714 1001 3762 cui
1019 3714 1063 3761 sub
1082 3713 1162 3761 verbis
1179 3712 1280 3772 ἀρχῆθεν
1297 3709 1364 3760 ἐτεκ-

243 3816 327 3874 τννήθνρ
345 3817 421 3865 latere
439 3814 535 3863 videtur
553 3807 742 3871 ν’ρρχντεκτοννθθνρ.

277 3908 418 3957 Ridiculum
440 3904 503 3953 illud
521 3901 614 3967 Hygini
634 3900 796 3963 „significans
815 3915 845 3947 ae
862 3898 969 3947 homines
980 3897 1079 3959 fractis
1096 3896 1197 3944 nauibus
1210 3895 1363 3957 pertimesce-

245 4000 336 4061 „reat”
361 3997 481 4060 originem
507 3995 602 4042 duxisse
629 3992 724 4040 videtur
750 4008 777 4039 ex
801 3991 865 4039 male
889 3989 1017 4038 intellecto
1042 3988 1096 4036 loco
1116 3985 1286 4036 Eratosthenis
1304 3984 1366 4040 ὅπως

244 4095 338 4152 ὁρῶντες
355 4087 404 4136 uri.
423 4087 461 4134 Of.
480 4086 634 4150 Epimetrum
652 4084 695 4131 ΙΙΙ.
715 4083 788 4131 Recte
807 4083 919 4129 German.
941 4083 1008 4128 Aret.
1029 4080 1120 4129 Phueu.
1138 4095 1172 4127 vs.
1191 4080 1238 4126 345
1258 4093 1322 4141 sqq.:

478 4216 490 4236 „
501 4176 579 4239 Puppi
597 4176 657 4224 enim
675 4175 791 4231 trahitur,
809 4190 857 4221 non
877 4178 941 4221 recto
959 4172 1037 4220 litera
1054 4188 1132 4228 curru,

478 4271 534 4328 „Ut
550 4285 602 4316 cum
618 4269 749 4315 decurrens
766 4265 858 4312 inhibet
877 4265 925 4312 iam
942 4264 1027 4312 navita
1045 4279 1123 4312 remos

478 4362 662 4423 „Aversumque
677 4362 761 4418 ratem,
781 4356 843 4405 voris
860 4356 999 4413 damnatur,
1016 4355 1052 4403 ad
1068 4370 1135 4402 oram

475 4452 616 4517 ,Perliqat
633 4455 740 4515 optatam
757 4449 855 4513 cupient
872 4448 1014 4512 contingere
1030 4445 1148 4505 terram?
