3218 5370
752 606 868 650 aaran.
1284 587 1344 648 16ῖ

295 771 399 834 Aliam
428 771 510 835 viam
540 773 699 854 ingressus
729 771 871 835 Fritsche
902 794 1009 835 verum
1040 765 1154 835 dixisse
1178 772 1374 834 scholiastam

249 884 417 963 contendit,
441 884 546 968 plures
570 884 652 947 enim
676 884 760 947 locos
784 884 858 947 alibi
881 906 1007 968 quoque
1026 884 1137 958 allatos
1161 907 1225 948 esse
1239 906 1371 967 quorum

249 999 281 1062 in
315 998 482 1082 superstite
510 998 579 1082 Iph.
612 998 687 1061 Aul.
719 999 844 1063 nullum
875 999 921 1062 sit'
945 999 1121 1081 vestigium,
1153 998 1244 1061 aliam
1275 998 1373 1082 igitur

249 1111 344 1174 fuisse
363 1109 561 1195 Iphigeniam
584 1111 659 1174 Aul.
684 1112 807 1175 maioris
830 1111 1000 1196 Euripidis,
1021 1111 1114 1174 aliam
1130 1111 1267 1190 minoris,
1291 1133 1370 1193 quae

250 1225 289 1287 ad
311 1246 368 1286 nos
391 1224 542 1308 pervenit.

293 1336 411 1399 Extant
445 1358 551 1399 revera
585 1337 736 1400 eiusmodi
766 1337 837 1401 loci.
870 1337 970 1400 Schol.
1006 1337 1084 1400 Rau.
1113 1339 1216 1400 1400:
1242 1336 1371 1414 βέβληκ’

249 1449 413 1530 Ἀχιλλεὺς
426 1498 520 1514 .....
546 1451 570 1514 οἱ
592 1451 623 1515 δὲ
650 1449 731 1536 (ὅτι)
758 1452 786 1514 ἐν
810 1459 846 1530 τῇ
869 1451 930 1530 ἸΦ.
956 1459 992 1531 τῇ
1014 1451 1042 1513 ἐκ
1063 1452 1137 1514 Αὐλ.
1164 1445 1217 1542 (ἧι
1236 1450 1365 1536 ίπίπος)

249 1564 333 1646 quod
351 1571 455 1626 tamen
476 1563 556 1626 nihil
576 1570 623 1627 est
642 1564 701 1626 nisi
721 1563 909 1627 coniectura.
925 1561 1051 1626 Deinde
1063 1561 1196 1646 Hesyeh.
1209 1561 1369 1642 ίίίραιιοπα·

249 1675 421 1756 οίπρίοκοπα
445 1678 511 1756 Erip.
537 1674 596 1757 Ἰφ.
622 1684 659 1757 τῇ
683 1677 712 1739 ἐι
732 1677 807 1739 Ata.
829 1675 953 1739 Tertius
974 1682 1021 1738 est
1040 1675 1128 1739 locus
1142 1698 1189 1759 ap.
1205 1675 1372 1739 Aelianum

248 1791 286 1854 cl.
312 1789 349 1852 fr.
374 1789 449 1853 Eur.
475 1793 548 1853 851.

291 1902 379 1966 Num
400 1926 471 1966 vero
495 1926 532 1966 ex
556 1903 639 1966 hisce
662 1903 815 1985 seqnitur,
840 1900 924 1984 quod
948 1901 1086 1965 Fritsche
1110 1902 1221 1979 voluit,
1245 1902 1367 1986 iphige-

248 2015 329 2079 niam
354 2016 428 2080 Aul.
452 2017 554 2080 adhuc
578 2017 700 2079 vivente
723 2015 875 2099 Euripide
897 2016 929 2077 in
953 2036 1073 2077 scenam
1098 2012 1369 2098 prodiisselNon·

247 2129 336 2192 nulla
366 2129 400 2192 in
430 2129 487 2193 hac
517 2129 678 2212 tragoedia
708 2134 830 2190 mutata
860 2150 924 2190 esse
953 2134 1009 2189 aut
1032 2127 1219 2212 interpolata
1242 2128 1369 2190 minime

247 2265 347 2326 nego,
378 2242 435 2306 hoc
466 2264 566 2305 unum
588 2264 660 2304 vero
684 2247 806 2304 constat
830 2239 1027 2324 Iphigeniam
1052 2239 1126 2303 Aul.
1152 2247 1223 2324 post
1247 2240 1370 2324 Euripi-

249 2355 295 2417 dis
334 2362 464 2418 mortem
492 2355 513 2417 i.
546 2377 571 2417 e.
602 2360 671 2437 post
697 2353 799 2416 Renes
831 2352 956 2416 doctam
988 2376 1053 2416 esse
1078 2351 1193 2435 (Schol.
1216 2352 1295 2415 Ran.
1321 2355 1372 2417 67.

249 2465 320 2532 οὕτω
353 2468 409 2548 γὰρ
442 2466 493 2531 καί
524 2467 556 2530 αἱ
587 2466 775 2530 διδασκαλίαι
804 2466 931 2546 (bipenne,
957 2466 1187 2538 τελευτήσαντος
1213 2466 1369 2546 Εὐριπίδου

248 2581 296 2644 τοι
327 2580 383 2643 aba
406 2581 497 2642 αὐτοῦ
522 2578 707 2658 δεδιδαχέιαι
731 2579 882 2656 ὁμώνυμοι
906 2580 935 2641 ἐν
958 2577 1041 2642 ι’ίοπει
1063 2577 1241 2659 Ἰφιγένειαν
1264 2578 1317 2650 πίοι
1340 2580 1369 2641 ἐι

247 2693 367 2765 Αὐλίδι,
397 2692 603 2772 Ἀλκμαίωνα,
635 2690 796 2777 Βοίκχας),
827 2699 858 2755 et
890 2714 957 2754 eam
990 2693 1051 2754 iam
1075 2698 1166 2754 antea
1189 2692 1222 2754 in
1245 2714 1366 2754 scenam

244 2805 394 2892 prodiisse
425 2805 513 2869 nullo
544 2806 658 2868 nititur
689 2804 903 2868 fundamento.
928 2803 974 2866 Of.
999 2803 1093 2867 Weil.
1119 2804 1203 2887 Sept.
1228 2811 1306 2887 trag.
1333 2827 1362 2888 p.

247 2920 310 2983 308
335 2939 401 3001 sqq.

288 3032 400 3114 Itaque
420 3037 476 3094 aut
500 3031 614 3094 erravit
636 3031 806 3093 Scholiasta
831 3031 886 3112 qui
909 3027 942 3102 ἐξ
960 3030 1137 3110 Ἰφιγενείας
1158 3029 1291 3113 scripsit,
1312 3036 1368 3092 aut

244 3145 331 3209 ahud
365 3143 495 3207 tradidit
525 3165 648 3206 nomeu.
683 3142 751 3206 Hoc
781 3143 857 3205 mihi
888 3141 1047 3226 probabile
1079 3143 1212 3206 videtur.
1239 3144 1365 3225 Scripsit

244 3255 284 3331 ἐξ
305 3255 552 3336 Ὑψιπύλης,
579 3254 669 3318 cuius
694 3256 828 3318 nominis
849 3254 1067 3340 compendium
1087 3256 1195 3334 ’Τψιπ
1216 3277 1311 3339 prope
1324 3253 1361 3317 ab

243 3372 338 3450 Ἰφιγ.
371 3368 466 3434 abest.
499 3368 600 3432 Simili
624 3368 720 3431 errori
744 3367 898 3431 debentur
922 3367 1141 3430 Andromache
1163 3390 1219 3452 pro
1243 3367 1361 3430 Andro·

244 3483 333 3545 meda
361 3483 397 3545 fr.
430 3480 506 3544 Eur.
539 3483 612 3558 133,
635 3480 821 3544 Phoenissae
845 3503 899 3564 pro
922 3479 1076 3543 Phoenice
1101 3478 1188 3543 Stob.
1214 3482 1287 3543 121.
1312 3483 1363 3558 lt,

244 3595 424 3680 Melanippe
448 3593 632 3675 Σοφοκλέους
657 3617 712 3678 pro
736 3593 811 3656 Mel.
836 3599 925 3673 σοφῇ,
949 3593 1150 3657 Aristarchus
1169 3615 1226 3679 pro
1246 3593 1364 3656 Aristo·

243 3710 342 3793 phane
365 3710 398 3772 in
421 3708 522 3772 Schol.
548 3711 641 3772 Hom.
663 3708 837 3790 similiaque
858 3708 967 3771 multa.
989 3707 1033 3770 'Ut
1050 3714 1154 3771 autem
1168 3708 1363 3791 potissimum

244 3822 433 3907 Hypsipylae
457 3845 514 3885 vss.
542 3824 625 3885 1309
652 3843 717 3904 sqq.
743 3821 880 3884 tribuam
904 3827 1029 3883 movent
1052 3843 1101 3884 me
1123 3842 1180 3883 vss.
1197 3822 1281 3882 1305
1296 3842 1362 3903 sqq.

243 3935 425 4020 Aeschylus,
457 3935 579 3999 Musam
612 3935 813 4019 Euripideam
845 3935 998 3998 advocans
1030 3935 1081 3997 oui
1105 3940 1214 3996 cantus
1237 3933 1276 3996 ad
1301 3955 1363 3996 ere·

243 4050 378 4133 pitantes
402 4056 497 4112 testas
519 4049 650 4134 placuit,
673 4055 710 4111 ut
738 4048 839 4112 Schol.
861 4050 951 4112 docet
975 4047 1150 4131 tragoediae
1178 4045 1362 4131 Hypsipylae

241 4161 334 4224 ludit.
367 4161 541 4224 Adstetisse
572 4159 711 4245 puellam
734 4183 813 4243 quae
838 4160 1031 4245 Hypsipylen
1055 4159 1192 4237 referret,
1215 4159 1291 4222 dum
1315 4180 1360 4221 ca-

241 4282 328 4339 neret
360 4273 541 4359 Aeschylus,
571 4275 736 4338 verisimile
768 4281 823 4338 est.
855 4274 895 4338 In
923 4281 1049 4358 promtu
1080 4273 1179 4356 igitur
1211 4280 1256 4335 est
1281 4273 1362 4336 coni·

243 4410 310 4451 cere
343 4410 447 4451 versus
478 4386 593 4470 quibus
619 4387 793 4471 *Aeschylus
825 4394 988 4451 centonem
1008 4384 1218 4470 Euripideum
1241 4385 1358 4468 incepit
