3218 5370
703 613 905 656 FRAGMENTA.

590 838 635 906 [x
660 837 799 906 incertis
823 837 1015 907 comoediis.

239 989 291 1051 Fr.
316 980 400 1049 494·
439 986 575 1067 ἐκφέρετε
597 987 709 1059 πεύκως
732 989 801 1051 κοτ’
826 986 986 1064 ’uallata
1009 988 1190 1069 Φωσφόρονς.

287 1100 410 1183 Agatho
433 1100 530 1182 igitur
555 1104 660 1162 πεῶκοιι
684 1099 831 1180 φωσφόροι
855 1101 984 1163 dixerat.
1011 1100 1055 1162 At
1079 1122 1175 1182 quare
1198 1101 1279 1164 hanc
1300 1102 1362 1165 dic·

239 1213 357 1276 tionem
388 1213 421 1275 in
451 1213 630 1276 memoriam
661 1218 784 1275 revocet
813 1213 866 1275 Ar.
893 1236 954 1275 non
979 1213 1138 1297 intellege.
1163 1212 1361 1300 Quamquam

241 1327 322 1388 enim
352 1326 506 1406 Φωσφόρος
531 1326 643 1389 melius
667 1326 803 1390 siderum
827 1327 876 1389 vel
899 1326 1027 1389 deorum
1052 1326 1243 1409 dearumque
1266 1327 1363 1390 nomi·

240 1436 334 1500 nibus
357 1438 512 1520 iungitur,
536 1441 628 1511 πεύκκ
653 1439 809 1518 Φωσφόρος
832 1439 911 1501 nihil
936 1438 1028 1501 habet
1052 1439 1136 1520 quod
1161 1440 1318 1501 miremur.

242 1554 293 1618 Fr.
318 1546 400 1616 497.
446 1553 566 1632 οιῖσχρὸν
591 1551 641 1634 νέᾳ
664 1552 781 1629 νννοιικὶ
805 1551 973 1632 πρεσβύτης
996 1552 1073 1630 ῶνιόρ.

286 1665 358 1728 Vid.
391 1665 430 1727 ad
460 1664 583 1728 Thesm.
614 1666 688 1727 413.
714 1664 1037 1745 Ρ1οκ1σχρόν111111.
1062 1666 1157 1744 πικρόν
1182 1665 1362 1744 111ἐχόρόν.

243 1781 293 1844 Fr.
320 1773 401 1842 506.
445 1778 635 1856 όξνγλύκειοὶν
658 1781 686 1842 τ’
710 1778 767 1859 ύροο
790 1787 914 1850 κοκκιεῖς
937 1779 1011 1860 ρόκν.

286 1893 400 1957 Pollux
424 1892 471 1955 VI
497 1895 536 1955 80
561 1898 640 1956 τοῶτι
665 1893 750 1956 δὲτὸ
775 1893 913 1969 taanenu
937 1893 1047 1972 Ἀριστ.
1073 1893 1122 1955 οὐκ
1145 1890 1213 1955 ἴδιον
1238 1891 1265 1955 όν
1290 1893 1361 1971 εἰρκ-

243 2031 290 2070 κεν
315 2008 385 2068 ἀλλ’
411 2007 447 2077 ῶς
471 2004 633 2083 Αἰσχύλον.
659 2005 698 2067 ll.

243 2121 293 2185 Fr.
320 2115 400 2183 525.
445 2121 537 2185 ἵκτινκ
559 2121 793 2202 ποιντόφόκλμον
816 2119 940 2201 taneya
962 2119 1082 2200 τρέφων.

285 2234 451 2318 Loquendi
474 2258 572 2318 genus
597 2230 773 2298 1111111111
797 2235 922 2317 tragica.

249 2350 299 2412 Fr.
326 2341 406 2410 533.
450 2347 527 2411 ῶκων
550 2352 637 2410 κτενῶ
662 2371 704 2415 σε,
728 2347 835 2424 τέκνον,
860 2348 872 2409 ό
897 2347 922 2410 δ’
946 2347 1129 2427 οὶπεκρίνκτο,

442 2459 491 2524 ε’π)
517 2459 677 2539 narratis
701 2458 775 2540 πύρ’,
802 2455 821 2522 d
845 2459 946 2531 πύτερ,
972 2460 1070 2530 δύσεις
1094 2460 1182 2531 δίκην.

289 2570 390 2635 Verba
413 2573 489 2636 ύκων
512 2610 557 2618 -
579 2570 675 2635 τέκνον
701 2595 716 2635 e
742 2572 900 2655 tragoedia
923 2595 1060 2635 manasse
1081 2572 1193 2634 docent
1212 2572 1363 2656 producta

242 2683 359 2768 syllaba
382 2685 415 2747 in
438 2684 534 2748 τέκνον
559 2691 590 2746 et
615 2684 742 2747 verbum
766 2689 864 2763 κτενῶ,
889 2683 962 2748 Cob.
988 2685 1029 2746 N.
1055 2684 1090 2747 L.
1115 2708 1144 2769 p.
1172 2688 1222 2746 29.

242 2801 292 2864 Fr.
319 2792 400 2860 535.
671 2796 723 2861 κοιὶ
748 2798 820 2861 κύων
844 2797 1011 2879 ύκροόχολος

442 2912 572 2984 Ἑκύτκς
596 2912 728 2989 dantur
751 2911 906 2992 φωσφόρου
929 2912 1100 2989 γενόσομοιι.

285 3025 361 3088 Eur.
394 3026 431 3087 fr.
462 3026 523 3087 959
550 3025 680 3097 Ἑκοὶτκς
704 3023 837 3101 danlae
861 3024 1016 3104 Φωσφόρον
1040 3023 1113 3087 κύων
1138 3023 1202 3087 ἔσει.
1228 3023 1276 3088 De
1302 3025 1362 3088 He·

242 3140 321 3204 cuba
344 3139 510 3223 Euripides
532 3140 607 3201 haec
630 3139 762 3222 scripsit,
783 3139 820 3201 cf.
846 3137 921 3202 Hec.
946 3141 1029 3200 1265
1050 3137 1123 3201 κύων
1143 3141 1257 3216 γενήσει
1278 3123 1362 3220 πύρό’

242 3252 355 3332 ἔχονσοι
386 3251 551 3333 δὲργρικτκ.
584 3251 623 3314 In
655 3274 790 3334 quonam
822 3274 893 3314 vcro
924 3251 1064 3314 dramate
1088 3252 1245 3335 scripserit
1268 3253 1363 3315 nesci-

241 3390 320 3429 mus.
345 3367 383 3429 In
408 3365 588 3450 deperditis,
614 3388 746 3447 quorum
770 3365 942 3448 fragmenta
966 3371 1144 3448 supersunt,
1167 3366 1295 3428 nullum
1319 3389 1363 3428 re-

242 3482 328 3565 perio
359 3482 391 3543 in
427 3503 488 3563 qua
521 3479 668 3543 Hecubae
700 3486 802 3564 partes
830 3479 957 3542 fuerint.
989 3479 1130 3542 Fortasse
1160 3479 1198 3541 ad
1229 3480 1363 3543 Troades

242 3593 402 3656 referenda
436 3600 511 3655 sunt
544 3600 600 3655 aut
634 3593 671 3655 ad
706 3591 794 3654 aliud
828 3591 933 3653 drama
967 3593 1051 3674 quod
1086 3615 1156 3655 cum
1190 3587 1363 3656 Troadibus

242 3706 368 3769 coaluit.
393 3706 438 3768 Cf.
464 3706 658 3790 Epimetrum
679 3704 725 3767 Π.

244 3821 295 3884 Fr.
322 3813 402 3881 551.
447 3821 518 3883 ἀλλ’
543 3815 563 3882 ὦ
589 3824 716 3901 Δελφῶν
742 3818 885 3891 πλείστοις
908 3820 1016 3883 ῶκονῶν

445 3931 537 4009 Φοῖβε
560 3932 717 4011 μοιχιιόροις

441 4044 491 4109 κιο)
516 4044 712 4125 προδιδάσκων
735 4044 801 4116 τοὺς
825 4044 891 4115 σοὺς
915 4045 1083 4124 προπόλους.

287 4158 480 4242 Delphorum
506 4158 624 4220 incolae
643 4157 681 4220 ob
700 4180 847 4240 magnum
866 4158 1086 4220 sacrificiorum
1107 4180 1272 4220 numerum
1286 4164 1363 4220 tam·

243 4292 335 4353 quam
368 4272 458 4354 coqui
491 4269 723 4350 111κιιροκοποιο1
748 4270 941 4335 ridebantur.
967 4269 1013 4332 Of.
1038 4270 1133 4334 Dind.
1157 4294 1183 4332 a.
1209 4270 1240 4332 11.
1266 4270 1287 4332 l.
1316 4269 1363 4332 De

243 4384 362 4467 origine
386 4384 480 4447 liuius
503 4384 564 4447 loci
587 4383 669 4446 nihil
691 4388 801 4446 notum
825 4392 881 4446 cst.
