3218 5370
738 1946 931 1954 -———---

277 2168 330 2232 Vs.
359 2163 447 2231 100„
517 2176 641 2234 τοιοιῖιτοι
665 2170 763 2248 μέντοι
788 2171 958 2251 Σοφοκλέης
981 2172 1156 2249 λυμοιόνεόοιι

518 2285 547 2347 ἐν
570 2290 639 2355 τοῖς
664 2284 865 2364 τριιγερδόοιισιν
890 2285 944 2359 ἐμὲ
968 2285 1017 2348 τόν
1040 2285 1147 2365 Τηρέιι.

319 2398 359 2461 In
388 2397 549 2481 tragoedia
579 2396 686 2460 Tereo.
717 2397 753 2460 fr.
790 2400 849 2460 511
877 2397 915 2459 D.
940 2397 980 2460 In
1003 2420 1140 2482 upupam
1165 2405 1323 2462 mutatum
1341 2400 1396 2462 Te·

276 2533 364 2574 reum
397 2533 459 2573 non
489 2509 521 2573 in
545 2533 635 2574 scena
658 2516 857 2595 conspectum
881 2509 985 2589 fuisse,
1011 2533 1118 2573 verum
1142 2511 1209 2573 eius
1233 2517 1396 2574 metamor-

275 2624 387 2709 phosin
411 2623 547 2706 aliquem
570 2622 758 2707 praedixisse
784 2622 830 2686 vel
854 2645 992 2686 narrasse
1016 2623 1138 2687 monuit
1161 2621 1318 2687 Welcker.

276 2848 330 2912 Vs.
356 2840 437 2909 210.
517 2845 574 2923 ι’όγε
597 2844 720 2922 σύννομέ
744 2869 803 2923 μοι,
828 2850 944 2931 aaaron
968 2845 1022 2923 μὲν
1045 2843 1142 2926 όιινου,

518 2963 606 3023 λῦσον
628 2957 658 3021 δέ
682 2957 784 3035 νόμους
806 2958 881 3038 ἱερῶν
904 2955 1009 3035 ὕμνον,

520 3067 566 3142 οὓς
591 3071 638 3135 δῖοι
659 3071 728 3135 θείου
752 3071 902 3148 οτόμοιτος
926 3071 1043 3150 θρηνεῖς,

520 3186 568 3249 τόν
591 3186 659 3263 ε’μόν
682 3184 734 3249 aa}
759 3185 806 3248 σόν
830 3184 1012 3265 πολύδακρυν
1035 3183 1115 3248 Ἴτυν

519 3297 704 3378 ε’λελιζομένη
729 3298 827 3378 διεροῖς
850 3296 970 3375 μέλεσιν

520 3411 620 3488 γένυος
643 3408 754 3484 ξουθῆς·

320 3527 418 3590 Mein.
451 3524 544 3588 Vind.
570 3525 624 3587 Ar.
649 3546 680 3609 p.
706 3526 764 3585 86:
790 3520 879 3587 Ἴτυν·
905 3522 1108 3602 ἐλελιζομένης
1131 3524 1240 3603 δ’ἱεροῖς
1265 3523 1393 3603 μέλεσιν,

277 3640 400 3704 sublata
424 3637 676 3722 interpunctione
700 3642 768 3719 post
791 3632 899 3708 ξουθῆς.
923 3635 1011 3713 Quae
1031 3635 1207 3698 coniectura
1226 3634 1319 3698 habet
1331 3659 1393 3719 quo

276 3777 307 3817 se
331 3750 535 3826 commendet,
560 3754 697 3811 attamen
720 3748 800 3827 ἱεροῖς
823 3754 894 3831 post
917 3749 991 3827 ἱερῶν
1014 3749 1118 3811 minus
1142 3747 1266 3830 elegans
1291 3754 1337 3810 ast
1361 3756 1393 3811 et

277 3865 354 3946 διερόι
376 3864 452 3942 μέλη
479 3863 551 3926 ferri
573 3867 675 3945 potest
694 3867 731 3923 ut
755 3861 839 3932 ιιόθος
864 3861 947 3941 ὑγρός
970 3860 1062 3923 Hom.
1088 3859 1202 3945 Hymn.
1226 3861 1258 3923 in
1278 3859 1395 3923 Panem

276 4002 320 4042 vs.
347 3979 398 4055 33,
423 3984 455 4039 et
478 3975 598 4055 ὑγρότης
623 3978 678 4038 τῶν
702 3978 799 4051 μελῶν
822 3973 901 4038 Luc.
926 3974 1000 4036 salt.
1030 3974 1080 4036 73.

322 4090 443 4154 Similia
465 4090 615 4173 leguntur
639 4111 681 4151 vs.
707 4088 781 4167 676,
806 4083 826 4150 ὦ
849 4087 933 4167 Φόλη,
959 4081 979 4148 ὦ
1002 4083 1084 4160 ξουθή
1109 4087 1169 4150 art.
1195 4093 1226 4149 et
1250 4109 1293 4149 vs.
1319 4088 1394 4164 742,

520 4200 648 4282 ἱζόμενος
673 4202 780 4279 μελέοις
802 4198 851 4264 έιιῖ
875 4199 1074 4280 φυλλοκόμου,

520 4315 555 4378 δι’
579 4316 653 4392 ε’μιῖς
675 4313 775 4392 γένυος
798 4310 898 4387 ξουθῆς
922 4311 1034 4390 μελέων

520 4426 598 4493 ssavi
622 4425 724 4503 νόμους
746 4424 830 4506 ἱεροὺς
852 4424 1016 4506 οῖνιιφιιίνυ.
