3218 5370
715 617 840 659 vusrrn.
1272 601 1310 661 59

214 779 343 864 tophani
372 780 438 864 ipsa
470 779 628 842 Phaedrae
656 780 748 843 verba
771 781 835 844 suis
858 780 1001 843 inserere.
1029 781 1109 843 Satis
1133 788 1198 843 erat
1219 761 1334 863 fingere

215 914 295 975 quae
328 914 402 956 sono
433 892 558 975 tragicis
586 892 699 955 similia
731 900 842 972 essent,
867 914 1009 975 quaeque
1033 893 1139 956 eodem
1164 900 1263 957 metro
1287 917 1335 957 eo·

215 1003 347 1085 demque
369 1011 460 1086 gestu
482 1010 576 1086 atque
596 1004 629 1066 in
648 1004 807 1086 tragoedia
825 1005 1042 1068 recitarentur.
1065 1005 1231 1069 Neminem
1252 1007 1335 1069 enim

214 1114 403 1192 auditorum,
439 1115 554 1197 quibus
588 1113 815 1178 nobilissimum
845 1115 925 1179 illud
957 1117 1025 1195 πρὸς
1053 1118 1117 1179 θεῶν
1141 1114 1247 1196 ἔραμαι
1272 1118 1333 1180 κπὲ.

213 1227 409 1289 notissimum
434 1234 509 1306 erat,
535 1227 642 1310 lugere
665 1234 787 1311 poterat
814 1228 987 1290 similitudo
1007 1228 1136 1291 simulac
1156 1228 1251 1291 κείνων
1271 1227 1334 1307 ἔρα-

214 1361 269 1414 μαι
305 1337 427 1400 audiret
458 1343 490 1400 et
517 1341 589 1403 κεῖθι
617 1338 755 1416 γενοίμαν
789 1347 986 1423 componeret
1017 1362 1088 1402 eum
1104 1337 1169 1402 ἐίθε
1197 1340 1335 1416 γενοίμαν

139 1443 142 1446 ”
216 1447 312 1532 Hipp.
339 1451 412 1529 230,
437 1456 501 1512 aut.
528 1448 561 1511 ἵν’
585 1450 598 1512 ὂ
621 1447 709 1529 κήρυξ
731 1449 819 1528 Φησὶ,
845 1452 889 1521 τίς
913 1451 1103 1531 tolotana
1129 1472 1199 1512 cum
1223 1448 1269 1513 ίυα
1292 1453 1336 1523 θν-

214 1560 323 1641 ροφθνοι
357 1561 503 1638 στείβουσι
539 1561 619 1634 κύνες
651 1561 745 1646 Hipp.
779 1565 852 1654 216.
884 1562 1025 1626 Fortasse
1055 1563 1147 1625 etiam
1173 1562 1334 1626 verborum

194 1674 342 1773 'Admeti
360 1674 393 1736 in
417 1673 578 1738 scribendo
603 1674 793 1752 meminerat,
819 1675 886 1737 Ale.
913 1678 976 1736 666

501 1810 582 1888 ζηλῶ
604 1810 770 1891 φθιμένους,
796 1812 890 1873 κείνων
914 1810 1029 1890 ἔραμαι,

501 1921 567 1984 κεῖν’
597 1923 726 1998 ἐπιθυμῶ
749 1922 877 1997 δώματα
900 1922 994 1985 ναίειν.

216 2156 269 2219 Va.
296 2149 376 2219 757.
646 2156 744 2236 ποίρες,
771 2152 791 2219 ὦ
815 2182 919 2237 σκιερα.

261 2269 311 2332 Fr.
338 2271 411 2330 310.
437 2268 539 2331 Schol.
562 2269 642 2348 παροδ
665 2269 705 2331 σοί
727 2271 759 2333 ἐκ
782 2269 1010 2350 Βελλεροφόντου
1034 2269 1129 2349 παίζει
1153 2258 1262 2333 ταῦτα·

480 2404 580 2483 ποίρες,
605 2399 625 2466 ὦ
649 2404 746 2483 σκιεροδ
768 2405 900 2485 (potede,
924 2405 1038 2484 ὑπερβῶ

481 2523 603 2596 κρνναία
627 2515 715 2588 νοίπιρ·
741 2518 788 2580 τὸν
812 2514 879 2596 ὑπὲρ
903 2522 1039 2597 κεφαλῆς
1129 2568 1133 2573 .

479 2626 562 2706 αἰθέρ’
587 2626 694 2690 ἰδέσθαι
718 2626 842 2698 σπεύδω,
867 2627 919 2690 τίν’
944 2626 1006 2705 ἔχει

479 2738 582 2803 σποίσιυ
607 2739 728 2802 Εἰνοδία.

258 2877 308 2940 Ad
338 2877 418 2939 idem
433 2875 699 2959 -Bellerophontis
731 2898 852 2938 carmen
883 2878 1039 2959 pertinere
1067 2877 1275 2959 videturque
1299 2875 1332 2941 ίθι

214 2989 272 3051 ari.
299 2989 383 3070 quod
407 2989 548 3050 imitatus
573 2994 619 3050 est
642 2989 696 3051 Ar.
722 2988 792 3050 Pac.
820 2992 892 3051 154.
920 2989 1065 3072 Suspicor
1089 2990 1181 3051 etiam
1204 3012 1246 3052 vs.
1269 2991 1331 3053 756

214 3101 316 3164 σπεῦδ’
349 3097 369 3163 ὦ
400 3101 487 3179 ψυχή
520 3101 569 3182 (cf.
603 3101 681 3164 Ach.
714 3104 788 3183 483)
817 3110 847 3164 et
871 3103 955 3184 quod
979 3102 1119 3185 intellegi
1142 3102 1252 3183 nequit
1276 3107 1331 3164 ποῦ

214 3238 262 3290 μοι
285 3215 389 3292 ψυχθς
414 3213 526 3276 mutila
548 3237 613 3276 esse
638 3214 810 3296 fragmenta
834 3215 965 3277 alicuius
988 3214 1098 3297 tragici
1123 3237 1236 3276 versus.

214 3446 268 3510 Vs.
294 3439 374 3511 762.
820 3447 957 3510 τοῦτοδὲ

426 3557 531 3631 Ἅιδας
556 3560 688 3639 διακρινεῖ
711 3560 838 3639 πρότερον
862 3558 878 3632 ἢ
902 3560 956 3636 ’γὼ
982 3561 1129 3635 πείσομαι.

258 3696 359 3759 Schol.
393 3698 421 3758 ε’ν
456 3696 600 3774 Κρήσσαις
631 3696 789 3775 Εὐριπίδου
820 3697 833 3759 ὁ
861 3697 981 3776 Ἀτρεὺς
1004 3699 1072 3776 πρὸς
1095 3697 1147 3769 τὴν
1171 3697 1329 3778 Ἀερθπννι

212 3789 317 3887 κρινείψ
332 3811 448 3871 ταῦτα(
474 3807 690 3891 Supplcndum
725 3831 788 3871 esse
823 3806 928 3881 Ἅιδης
964 3809 1140 3872 docuerunt
1174 3809 1263 3894 Toup
1299 3819 1331 3874 et

160 3978 162 3982 ,
215 3917 328 3983 Nauck
364 3919 400 3983 fr.
432 3922 507 3981 468.
543 3919 664 3983 Cressae
696 3928 727 3982 et
751 3920 914 4004 Thyestem
941 3923 1023 3985 idem
1047 3944 1111 3985 esse
1134 3922 1239 3985 drama
1262 3931 1331 4006 post

213 4031 321 4095 Valck.
356 4033 476 4094 censuit
507 4031 662 4111 Welcker,
689 4032 743 4095 Gr.
768 4032 857 4116 Trag.
882 4033 918 4096 Π
941 4057 970 4118 p.
998 4038 1060 4099 676
1084 4057 1149 4118 sqq.
1174 4037 1225 4098 cui
1249 4037 1330 4100 vide·

211 4149 263 4230 tur
293 4144 376 4207 idem
407 4151 625 4227 argumentum
656 4151 804 4209 tractasse
836 4146 1001 4230 Euripides
1033 4170 1067 4210 ac
1100 4147 1266 4232 Sophocles
1297 4151 1329 4212 in

213 4257 309 4317 Atreo
331 4254 372 4316 ib.
396 4255 413 4317 I
436 4277 466 4338 p.
493 4257 566 4318 367.
591 4254 628 4318 In
654 4278 716 4338 quo
742 4256 880 4321 dramate
907 4261 1021 4321 Atreus
1040 4282 1167 4322 uxorem
1187 4261 1329 4344 Aeropen

212 4374 309 4429 morte
334 4366 489 4444 multavit,
514 4368 549 4429 fr.
576 4367 667 4452 Soph.
695 4372 766 4431 144.
