3218 5370
722 529 862 587 renuas

238 708 290 772 Vs.
317 700 398 770 611.
500 702 520 769 d
544 707 669 787 φίλτατ’
692 706 799 786 ἀνδρῶν
821 704 873 768 καί
897 704 1098 779 νεανικώτατε,

504 819 571 893 ύσην
593 820 677 882 ἀπὼν
699 817 849 897 παρέσχες
873 819 945 894 ἡμῖν
968 816 1119 898 φροντίδα·

504 929 555 995 καί
579 936 628 995 νῦν
650 931 749 1001 ἐπειδη
772 934 828 1001 σῶς
850 929 994 1003 ἐλήλυθας
1018 928 1117 1001 πάλιν,

504 1041 643 1121 ἄγγειλον
667 1043 739 1119 ἡμῖν
765 1046 826 1114 πῶς
850 1043 882 1105 τὸ
904 1041 1021 1121 πρᾶγμ’
1045 1042 1184 1119 η’γυνίσω.

284 1155 380 1219 110010
410 1154 514 1219 Kock:
544 1154 631 1232 „Die
661 1152 757 1217 Verse
789 1153 891 1217 haben
922 1176 1000 1238 gana
1023 1154 1201 1238 tragisehen
1225 1152 1356 1218 Charak-

240 1269 317 1330 ter.”
343 1266 389 1329 Cf.
414 1266 506 1330 Herc.
527 1267 588 1329 fur.
612 1267 684 1328 531.
704 1265 743 1329 ln
756 1266 952 1350 parodiarum
965 1288 1130 1329 numerum
1143 1267 1253 1330 retulit
1266 1266 1357 1330 Ribb.

243 1379 319 1443 Aah.
345 1380 427 1442 Anh.
449 1402 479 1463 p.
506 1381 580 1442 320.
605 1377 683 1442 Inde
707 1401 724 1440 a
748 1402 791 1441 vs.
819 1382 882 1440 624
905 1378 1117 1461 Agoracritus,
1138 1379 1214 1442 alias
1231 1379 1359 1463 linguae

241 1491 396 1575 elegantia
424 1491 551 1554 minime
575 1491 770 1574 compienne,
789 1493 882 1570 ρἠσεις
904 1489 1071 1567 ἀγγελικάς
1094 1491 1270 1574 tragoediae
1292 1491 1359 1554 imi-

240 1611 335 1684 tatur,
361 1604 428 1668 vid.>
449 1605 591 1689 inprimis
614 1627 657 1666 vs.
686 1606 747 1666 636
773 1625 838 1686 sqq.

243 1825 296 1889 Vs.
324 1818 404 1887 626.
558 1825 740 1905 ἐλασίβροντ’
765 1825 942 1906 ἀναρρηγνὺς
963 1823 1027 1899 ἔπη.

288 1936 411 2001 Cleonis
442 1937 619 2000 iactantiam
653 1944 684 1999 et
708 1937 1005 2023 magniloquentiam
1029 1937 1132 2001 ridens
1156 1939 1359 2021 Agoracritus

163 2084 167 2090 -
242 2049 411 2133 grandibus
435 2049 538 2111 uti-tur
562 2048 671 2111 verbis
696 2049 787 2111 Pind.
811 2050 848 2112 fr.
877 2052 937 2111 121
958 2048 1075 2132 Bergk:
1097 2050 1283 2129 ε’λασίβροντε
1303 2057 1364 2114 παῖ

136 2242 138 2246 ¹
243 2161 335 2234 Ῥέας,
359 2161 395 2224 fr.
423 2163 502 2224 161;
526 2158 681 2240 ἀναρρῆξαι
704 2163 752 2224 τὸν
776 2162 891 2240 ἀχρεῖον
913 2161 1007 2237 λύγον.

243 2381 297 2444 Vs.
324 2375 407 2444 813.
516 2377 536 2444 ὦ
559 2383 642 2453 πύλις
667 2379 795 2462 ’Ἄργους
817 2381 912 2446 κλύεθ’
937 2376 981 2445 οἷα
1005 2381 1092 2459 λέγει.

289 2494 388 2558 Schol.
421 2496 465 2557 Τί
495 2495 525 2557 δὲ
556 2489 577 2556 ὦ
609 2495 692 2566 πόλις
722 2492 774 2558 ''A.
804 2495 864 2558 ἀπὸ
889 2493 1030 2574 Τηλέφου
1054 2496 1132 2574 Εύρ.,
1155 2496 1188 2558 τὸ
1212 2493 1242 2558 δὲ
1265 2495 1359 2559 κλύεθ’

194 2606 198 2611 ’
242 2602 286 2671 οἷα
309 2606 388 2684 λέγει
412 2608 471 2670 ἀπὸ
497 2607 640 2679 Μηδείας.

288 2719 360 2782 Non
392 2719 559 2783 verisimile
583 2727 630 2782 est
652 2726 773 2810 poetam
797 2721 856 2784 hoe
880 2720 971 2783 modo
994 2719 1086 2783 verba
1109 2720 1277 2797 consuisse,
1303 2718 1361 2782 etsi

243 2854 353 2896 revera
387 2831 480 2895 verba
515 2833 642 2896 laudata
673 2833 706 2895 in
737 2833 858 2911 Medea,
887 2857 931 2896 vs.
966 2836 1038 2912 169,
1068 2834 1226 2916 leguntur.
1251 2832 1359 2896 Minus

243 2946 337 3008 etiam
370 2944 544 3008 audiendus
575 2946 630 3027 qui
662 2945 701 3008 ad
729 2945 814 3009 Plut.
850 2950 922 3025 602,
954 2945 1009 3008 ubi
1032 2952 1118 3008 totus
1141 2947 1221 3010 redit
1244 2969 1360 3024 versus,

244 3057 422 3142 adscripsit:
459 3056 654 3134 μετείληπται
693 3058 725 3121 δὲ
763 3059 775 3122 0‘
812 3059 916 3136 στίχος
947 3059 979 3121 ἐκ
1009 3062 1162 3122 Φοινισσῶν
1190 3058 1294 3138 Εύριπί
1299 3059 1356 3131 δον,

244 3171 430 3242 Πολυνείκους
466 3170 611 3247 λέγοντος.
649 3171 739 3234 Nihil
770 3172 851 3234 enim
882 3194 944 3255 quo
974 3172 1085 3255 respici
1115 3172 1212 3255 possit
1243 3171 1276 3234 in
1305 3171 1362 3234 hoe

122 3368 124 3372 Ι
245 3285 382 3346 dramate
408 3284 529 3367 legitur
559 3284 620 3347 nisi
651 3306 694 3346 vs.
729 3287 801 3362 611,
826 3279 847 3346 ύ
870 3284 972 3363 πάτερ,
997 3283 1093 3355 κλύεις
1116 3281 1137 3347 ἀ
1160 3283 1282 3363 πάσχω,
1307 3282 1362 3345 ubi

245 3391 265 3458 ὦ
297 3398 380 3467 πύλις
409 3420 425 3459 0
458 3400 520 3459 613
551 3397 662 3480 legisse
695 3397 889 3460 scholiastam
912 3396 1042 3459 coniecit
1066 3394 1188 3459 Debree
1212 3395 1251 3457 ad
1273 3394 1360 3459 Plut.

247 3511 320 3571 661.
354 3509 523 3573 Scholiasta
552 3510 618 3573 cod.
651 3508 742 3587 Ven,
766 3510 820 3591 qui
844 3510 883 3573 ad
906 3509 1010 3572 locum
1034 3507 1185 3590 Equitum
1209 3507 1289 3570 nihil
1313 3508 1364 3571 ad-

244 3621 375 3704 scripsit,
399 3621 438 3684 ad
461 3620 548 3685 Plut.
575 3625 635 3685 601
662 3617 682 3684 ὦ
701 3623 785 3693 πύλις
804 3618 933 3702 Ἄργους
952 3620 1045 3684 habet
1064 3643 1135 3685 eum
1154 3620 1229 3683 Rav.
1241 3646 1248 3682 ι
1260 3625 1361 3684 ταῦτα

244 3734 276 3796 ε’κ
311 3733 454 3815 Τηλέφου
487 3735 640 3814 Εὐριπίδου
669 3733 880 3814 τραγικεύεται,
911 3733 1175 3816 neque.dubium
1206 3741 1252 3796 est
1285 3733 1363 3815 quin

243 3852 346 3909 toturn
377 3853 495 3930 spectet
526 3869 659 3924 versum,
690 3847 773 3929 quod
796 3848 858 3910 iarn
880 3846 1027 3910 Elmsleio
1051 3846 1224 3910 videbatur.
1249 3844 1296 3909 Of.
1320 3847 1357 3909 fr.
1446 3895 1452 3907 .

245 3956 320 4022 Eur.
347 3961 421 4024 723.
446 3958 547 4022 Verba
570 3960 706 4044 profecta
729 3983 794 4023 esse
817 3960 963 4023 videntur
987 3959 1149 4042 abaliquo
1170 3959 1359 4022 Graecorum

244 4093 316 4154 rege
339 4071 504 4156 (Menelao
529 4071 617 4134 Kock
639 4096 667 4135 a.
692 4072 723 4136 h.
749 4073 784 4157 l.)
809 4073 901 4136 verba
920 4071 1049 4156 Telephi
1066 4073 1252 4156 indignanti.
1267 4070 1359 4150 Quod

244 4184 387 4266 sequitur
416 4184 607 4266 ἀντιφερίζειν
638 4186 671 4248 in
701 4185 836 4249 Homero
866 4186 915 4270 (11.
948 4185 1027 4247 XXI
1057 4186 1132 4270 357)
1165 4193 1197 4248 et
1225 4184 1360 4248 Pindaro

246 4296 350 4382 (Pyth.
374 4297 424 4360 IX
448 4299 500 4380 66)
522 4298 648 4380 legitur.

1214 4409 1228 4448 8
