3218 5370
714 560 856 619 neumas.
1282 544 1321 605 31

228 730 347 808 θέλγειν
370 729 523 793 usitatum
548 729 590 792 sit
613 728 701 813 epico
724 749 864 792 sermone
887 748 950 809 quo
974 734 1005 789 et
1028 724 1115 790 αἴκε
1138 727 1284 811 pertinet.
1307 726 1345 790 In

229 842 352 906 scholiis
374 841 492 925 legitur
515 838 548 903 αέ
565 865 598 903 κε
621 840 664 917 μέν
688 838 838 920 Scapti:
860 837 1079 920 Καταέαλφθῇ
1099 838 1241 903 sedEav.
1254 836 1347 902 habet

229 951 452 1033 Καταθελχθῇ.
487 952 628 1015 Fortasse
651 951 751 1015 simile
774 950 852 1033 quid
874 951 948 1014 olim
972 951 1004 1013 in
1028 949 1204 1014 Heraclidis
1228 948 1349 1035 legeba-

139 1107 148 1122 ·
229 1073 292 1129 tur.
317 1064 378 1127 Sed
402 1064 459 1128 hoo
482 1071 519 1126 ut
545 1063 639 1127 nimis
662 1063 817 1127 incertum
840 1063 943 1126 mitto.

231 1298 285 1363 Vs.
312 1292 392 1360 221.
447 1297 530 1362 άλλά
553 1302 702 1379 στεφανοῦ
726 1298 775 1361 καὶ
798 1298 903 1362 σπένδε
926 1300 965 1378 τῷ
989 1298 1141 1378 Κοαλέμῳ.

180 1456 184 1462 ·
278 1412 378 1476 Schol.
409 1416 494 1492 ταῦτα
525 1410 556 1474 δὲ
586 1408 752 1489 παρῴδησεν
783 1411 815 1473 ἐκ
845 1418 898 1483 τῆς
929 1410 1094 1490 τραγῳδίας
1125 1410 1145 1471 i.
1177 1433 1202 1472 e.
1227 1430 1348 1475 servum

230 1523 306 1586 facit
337 1525 516 1606 loquentem
548 1520 630 1584 sicut
660 1521 836 1604 loquuntur
865 1522 897 1584 in
922 1521 1090 1605 tragoedia,
1114 1521 1348 1602 ταρατρανςνδεῑ.

233 1635 418 1700 Conteritur
442 1635 517 1698 Eur.
542 1634 653 1698 Bacch.
681 1636 763 1697 313:
1032 1616 1035 1623 ¹

425 1746 477 1811 xxi
500 1746 606 1811 σπένδε
629 1746 680 1810 καὶ
704 1746 839 1825 βάκχευε
862 1746 914 1810 καὶ
938 1731 1050 1828 στέφου
1072 1746 1155 1827 κάρα.

277 1859 378 1938 Quem
402 1859 589 1923 versiculum
614 1859 742 1922 afferens
764 1881 827 1922 non
847 1858 917 1922 dico
937 1858 1176 1943 Aristophanem
1196 1880 1267 1920 eum
1286 1858 1352 1920 imi-

231 1979 332 2036 tatum
357 1996 431 2052 esse,
456 1995 532 2042 nam¹
550 1971 688 2036 Bacchae
713 1971 832 2036 dudum
860 1978 928 2055 post
951 1971 1084 2053 Equites
1108 1970 1216 2034 doctae
1240 1977 1323 2034 sunt.

231 2192 284 2256 Vs.
309 2187 391 2256 229.
615 2196 663 2272 χώ
686 2193 753 2266 θεὸς
777 2191 971 2273 ξυλλήψεται.

198 2293 201 2299 ’
275 2304 411 2370 Videtur
444 2306 539 2369 fuisse
572 2307 730 2369 sententia
764 2296 890 2370 Graecis
924 2307 1050 2383 usitata,
1087 2305 1349 2388 quemadmodum

233 2418 316 2503 apud
345 2424 498 2481 nostrates
530 2423 631 2480 extat:
662 2417 763 2495 „God
792 2418 881 2503 helpt
905 2419 962 2480 wic
986 2418 1054 2480 sich
1078 2415 1351 2503 aelven·helpen.''
1405 2418 1412 2434 “

233 2531 364 2615 Scripsit
386 2530 553 2615 Euripides
574 2529 608 2593 in
630 2531 732 2615 priore
755 2530 937 2615 Hippolyto,
960 2531 997 2594 fr.
1021 2532 1084 2592 435
1198 2550 1220 2570 ²

452 2644 493 2723 τῷ
516 2644 574 2723 γάρ
598 2648 728 2707 πονοῦντι
751 2641 803 2707 καὶ
826 2642 894 2715 θεὸς
917 2641 1137 2720 συλλαμβάνει,
1242 2700 1249 2716 ,

233 2754 406 2839 Aeschylus
429 2752 513 2819 Pers.
541 2757 603 2820 742

369 2867 440 2930 αλλ’
463 2864 532 2930 ὅταν
556 2866 666 2947 σπεύδῃ
690 2890 734 2939 τις
759 2867 857 2940 αὐτὸς,
881 2869 928 2945 χώ
950 2866 1016 2939 θεὸς
1040 2865 1220 2931 συνάπτεται

184 3048 187 3054 ,
234 2986 266 3041 et
289 2977 470 3057 Menander,
493 2979 591 3042 Mein.
616 2979 663 3042 IV
687 2979 746 3043 fab.
771 2980 832 3043 ino.
857 2981 897 3043 47

485 3092 582 3172 τάλαν
610 3091 783 3175 δικαίακαὶ
806 3091 874 3165 θεὸς
893 3094 1110 3171 συλλαμβάνει.

280 3201 442 3267 Dindorfio
472 3204 639 3288 Euripides
664 3182 853 3289 Aeschylum
879 3205 1022 3269 imitatus
1046 3205 1265 3283 emendetur,
1290 3204 1355 3268 Me·

235 3316 352 3379 nander
374 3316 558 3401 Euripidem
583 3318 635 3381 sed
660 3339 730 3380 cum
755 3317 941 3381 senteutiam
965 3318 1132 3401 proferant,
1159 3339 1237 3400 quae
1260 3318 1293 3380 in
1312 3318 1355 3381 lo·

237 3450 308 3491 cum
339 3451 534 3492 communem
558 3428 669 3493 abiisse
693 3429 829 3507 videtur,
853 3429 891 3492 de
915 3431 1090 3494 inritatione
1114 3432 1249 3515 cogitare
1272 3430 1361 3495 nihil

237 3562 315 3625 opus
338 3547 393 3604 est.

238 3764 291 3828 Vs.
318 3758 398 3826 249.
685 3764 829 3839 πολλάκις
852 3767 909 3848 γάρ
931 3765 998 3849 αὕτ’
1021 3767 1071 3848 ἐρῶ

368 3875 419 3940 καὶ
443 3875 501 3956 γάρ
526 3871 606 3949 οὗτος
629 3871 662 3950 ἦν
687 3883 848 3958 πανοῦργος
872 3879 1015 3952 πολλάκις
1039 3887 1092 3952 τῆς
1115 3877 1236 3959 ἡμέρας.

282 3987 359 4053 Eur.
386 3989 481 4074 Hipp.
509 3992 572 4052 664
595 3979 730 4074 legitur:

447 4102 451 4109 ’
637 4106 729 4179 μισῶν
753 4102 779 4167 δ’
804 4101 901 4168 οὔποτ’
929 4101 1184 4183 έαπλκσθάσσααι

462 4219 618 4293 γυναῖκας,
643 4215 700 4279 οὐδ’
725 4212 751 4277 sl
771 4215 849 4295 φασί
869 4215 913 4288 τίς
937 4215 1021 4293 μ’άεέ
1045 4215 1155 4294 λέγειν·

462 4325 510 4390 cist
533 4326 591 4407 γάρ
615 4321 661 4392 οὖν
683 4326 746 4399 πάς
769 4327 821 4390 εἶσι
844 4328 975 4392 κάκεῒναι
998 4328 1097 4392 κακαί.
