3218 5370
296 642 358 702 140
776 660 892 704 annun.

271 824 358 889 iocus
393 832 430 888 ut
464 825 565 902 aliam,
598 827 623 888 si
655 826 721 889 fieri
752 834 865 911 potest,
898 827 978 890 viam
1002 826 1124 909 ingredi
1147 835 1291 912 praestet.
1315 828 1392 893 Prae

273 945 360 1002 metu
394 943 510 1019 πνρριᾱιν
540 939 578 1002 de
610 961 672 1002 una
705 946 829 1002 tantum
860 940 994 1023 corporis
1017 947 1104 1024 parte
1129 941 1191 1004 dici
1215 949 1329 1025 potest,
1354 943 1392 1005 de

270 1053 400 1131 πρωκτῷ,
431 1060 462 1114 et
486 1053 565 1115 hano
590 1051 680 1115 verbo
704 1052 747 1116 ὁδὶ
773 1053 883 1130 voluit,
910 1053 1028 1137 opinor,
1055 1053 1288 1137 Aristophanes.
1319 1054 1392 1117 Non

270 1164 415 1248 profectu,
440 1166 466 1228 si
489 1165 533 1227 ita
556 1167 806 1249 interpretamur,
832 1166 999 1229 admodum
1019 1167 1144 1249 elegans
1168 1167 1271 1229 evadit
1287 1167 1374 1229 iocus
1381 1194 1390 1245 ;

271 1277 364 1339 salem
388 1285 420 1340 et
444 1278 577 1362 leporem
602 1280 634 1341 in
660 1302 694 1341 eo
715 1279 830 1342 frustra
854 1279 985 1361 quaeris,
1006 1279 1058 1342 sed
1078 1281 1200 1362 saepius
1221 1280 1393 1343 delectatur

274 1391 498 1474 Aristophanes
533 1391 638 1468 γέλωτι
674 1392 841 1472 Μεγαρόθεν
877 1392 1076 1471 κεκλεμμένην.
1110 1394 1194 1476 Apte
1225 1394 1394 1476 comparari

272 1509 403 1587 possunt
433 1504 491 1585 Eq.
524 1508 597 1581 900,
630 1504 682 1566 ubi
715 1505 753 1567 de
785 1505 934 1567 Heliastis
957 1505 1012 1586 qui
1036 1505 1187 1588 silphium
1213 1512 1390 1587 gustassent

168 1675 171 1681 ,
275 1616 494 1697 Agoracritus:
518 1618 549 1679 οὐ
573 1617 630 1696 γὰρ
653 1617 710 1680 τόθ’
734 1618 819 1694 ὑμεῖς
843 1616 993 1692 βδεόμενοι
1016 1616 1108 1689 δηπον
1132 1617 1258 1693 ’γένεσθε
1281 1617 1375 1697 πυρροί
1382 1645 1391 1695 ;

273 1726 357 1790 Ecol.
391 1729 486 1814 ldssi,
511 1727 566 1791 ubi
587 1730 725 1792 iuvenis:
751 1731 849 1809 πυρρὸν
874 1729 938 1808 ἕψει
962 1731 996 1806 μ’
1021 1730 1128 1792 οιύτίκοι
1153 1730 1207 1792 ὑπὸ
1229 1733 1280 1792 τοῦ
1303 1730 1391 1802 δέους,

273 1840 358 1903 Eccl.
385 1842 459 1917 329,
480 1841 558 1904 Ran.
584 1845 647 1904 484
672 1865 737 1924 sqq.

318 1952 378 2016 Sed
401 1953 562 2017 redeamus
585 1955 624 2016 ad
643 1979 686 2017 vs.
712 1958 784 2019 297.
810 1954 1018 2018 Conieoerunt
1044 1955 1199 2032 nonnulli,
1222 1961 1259 2016 ut
1279 1954 1393 2017 escho-

261 2066 323 2128 ,liis
346 2074 484 2150 apparet,
509 2067 602 2130 rerba
625 2069 693 2147 ἱερεῦ
718 2069 778 2131 κτὲ.
799 2067 956 2151 parodiam
977 2091 1041 2130 esse
1062 2067 1393 2151 versusaiiouiuspoe-

273 2186 341 2241 tae:
376 2181 455 2256 ἔχειν
480 2178 510 2242 δέ
534 2187 610 2259 <Daoi
634 2178 686 2243 noi
710 2180 795 2257 λόγον
820 2176 893 2243 rival
913 2204 987 2251 τινος
1006 2181 1054 2243 τὸν
1077 2180 1180 2258 στίχον
1203 2184 1320 2252 ποιητοῦ
1345 2185 1393 2242 νῦν

277 2292 477 2372 διοισνρὸμενον
513 2301 544 2355 et
576 2291 592 2365 ἢ
624 2293 675 2355 κν)
706 2295 842 2373 διοισύμνν
873 2294 1017 2356 crudaria
1042 2292 1166 2372 <horitan
1188 2298 1320 2364 ποιητῶν.
1346 2293 1393 2356 De

275 2403 413 2484 διοιούρειν
444 2428 514 2468 vero
544 2429 582 2468 ne
611 2407 739 2488 cogitari
770 2407 896 2487 quidem
928 2411 1032 2489 potest
1062 2428 1163 2488 neque
1195 2405 1233 2467 de
1256 2406 1392 2489 parodia,

274 2518 393 2601 opinor,
427 2541 497 2580 curn
529 2520 810 2601 grammaticorum,
842 2520 898 2600 qui
927 2519 958 2580 in
991 2518 1076 2580 hunc
1098 2519 1202 2580 locum
1226 2518 1391 2600 inquisive-

273 2637 357 2707 runt,
382 2631 536 2694 neminem
560 2633 652 2694 talem
678 2655 799 2695 versum
823 2632 902 2694 alius
924 2638 1032 2715 poetae
1056 2632 1175 2694 novisse
1198 2638 1352 2714 appareat.

274 2856 327 2919 Vs.
353 2850 434 2918 303.
471 2853 568 2929 ἔξεστί
589 2854 611 2918 θ’
640 2853 732 2934 ὥσπερ
756 2855 922 2932 Ἡγέλοχος
946 2857 1018 2931 ημῖν
1040 2854 1136 2931 λέγειν

473 2972 505 3033 ἐκ
527 2969 667 3045 κνμοὲτων
691 2969 747 3048 γοδς
771 2962 911 3039 aridirati
933 2976 1030 3044 patrio
1053 2967 1112 3046 ὁρῶ.

317 3084 509 3147 Notissimus
540 3089 586 3145 est
617 3104 701 3144 error
732 3081 901 3164 Hegeloohi
924 3080 1082 3143 histrionis
1106 3079 1160 3162 qui
1184 3078 1305 3142 Orestis
1328 3100 1394 3162 par-

273 3206 320 3261 tes
345 3198 418 3279 egit,
443 3195 497 3259 Or.
524 3197 597 3258 279.
622 3195 731 3258 Eidem
755 3195 898 3258 luserunt
922 3195 1058 3271 Strattis,
1085 3193 1182 3257 Mein.
1209 3192 1243 3256 Π
1268 3215 1296 3276 ]).
1318 3194 1391 3269 787,

472 3309 579 3386 γαλήν’
604 3310 662 3388 ὁρῶ.
687 3321 719 3373 Β.
745 3316 801 3380 ποῖ,
828 3310 895 3388 πρὸς
919 3310 994 3379 Θεῶν,
1020 3315 1071 3370 ποῖ
1090 3315 1144 3371 ποῖ
1164 3314 1279 3384 μοιλῆνς

474 3433 511 3486 A.
539 3422 655 3499 γαλήν’.
680 3433 711 3483 Β.
736 3423 793 3498 ἐγὼ
817 3421 843 3483 δ’
869 3422 950 3499 ᾤμην
973 3444 1006 3482 οε
1030 3427 1127 3496 gatair
1150 3419 1245 3509 λέγειν
1269 3420 1328 3498 ὁρῶ.

276 3545 308 3602 et
331 3537 482 3622 Sannyrio
502 3537 534 3599 in
555 3536 671 3607 Danae,
692 3535 788 3598 Mein.
810 3533 845 3598 Π
865 3557 896 3618 p.
911 3536 984 3596 874.
998 3533 1046 3596 De
1058 3557 1099 3596 vs.
1114 3536 1174 3596 311
1189 3533 1252 3597 vid.
1265 3533 1303 3595 ad
1319 3535 1392 3595 100.

277 3761 330 3824 Vs.
356 3753 436 3824 320.
472 3758 571 3840 ᾄδοντι
596 3761 664 3834 γοῦν
688 3757 735 3819 τὸν
760 3752 885 3832 ’Ίοικχον
906 3752 987 3832 ὅνπερ
1012 3751 1171 3831 Διαγόρας.

319 3872 418 3936 Kook.
443 3894 470 3933 a.
496 3871 527 3932 h.
552 3869 592 3932 l.:
616 3869 718 3948 „Wie
744 3867 814 3930 Wo.
841 3869 903 3929 830
929 3865 1068 3928 Socrates
1087 3864 1132 3928 als
1152 3863 1395 3944 Gottesleugner

274 3988 327 4064 ‚,o‘.
341 3987 455 4059 Μηλιος
478 3990 623 4068 genannt¹
640 3983 723 4061 wird,
749 4004 781 4044 so
807 3980 973 4043 bezeichne
997 3979 1063 4040 hier
1088 3979 1142 4041 der
1161 3974 1262 4038 Name
1282 3974 1395 4056 Diago-

274 4122 350 4178 „ras
370 4100 429 4162 den
452 4097 628 4182 Euripides,
652 4096 706 4159 der
731 4097 764 4157 in
788 4095 848 4156 den
870 4091 1017 4156 Bakohen
1040 4114 1094 4154 vor
1117 4089 1234 4172 einiger
1258 4087 1324 4151 Zeit
1345 4086 1394 4150 die

274 4212 452 4291 „Maiestor
483 4211 535 4273 des
571 4210 725 4292 Dionysus
760 4205 972 4280 verherrlicht,
1004 4205 1036 4267 in
1067 4225 1100 4266 so
1132 4202 1233 4264 vielen
1258 4201 1394 4264 anderen

275 4325 441 4403 „Dramen
472 4325 544 4387 aher
576 4324 642 4387 sich
672 4323 717 4385 als
748 4322 795 4383 ein
820 4318 936 4382 wahrer
960 4317 1108 4400 Diagoras
1132 4316 1253 4399 geneigt
1275 4311 1393 4374 hatte.’'

277 4437 336 4502 Oui
359 4438 555 4501 coniecturae
579 4434 681 4499 obstat
704 4433 840 4497 Bacchas
863 4438 931 4515 post
950 4430 1052 4493 Ranae
1071 4430 1178 4492 doctas
1196 4449 1271 4490 esse.
1290 4425 1396 4488 Ranae
