<?xml version="1.0" encoding="UTF-8"?>
<!DOCTYPE html PUBLIC "-//W3C//DTD XHTML 1.0 Transitional//EN"
    "http://www.w3.org/TR/xhtml1/DTD/xhtml1-transitional.dtd">
<html xmlns="http://www.w3.org/1999/xhtml" xml:lang="en" lang="en">
 <head>
  <title>
</title>
<meta http-equiv="Content-Type" content="text/html;charset=utf-8" />
  <meta name='ocr-system' content='tesseract 3.04.00' />
  <meta name='ocr-capabilities' content='ocr_page ocr_carea ocr_par ocr_line ocrx_word'/>
</head>
<body>
  <div class='ocr_page' id='page_1' title='image "./deparodiaincomo00bakhgoog_0126.png"; bbox 0 0 3218 5370; ppageno 0'>
   <div class='ocr_carea' id='block_1_1' title="bbox 620 566 1332 627">
    <p class='ocr_par' dir='ltr' id='par_1_1' title="bbox 620 566 1332 627">
     <span class='ocr_line' id='line_1_1' title="bbox 620 566 1332 627; baseline 0.007 -6"><span class='ocrx_word' id='word_1_1' title='bbox 620 578 969 623; x_wconf 77' lang='lat' dir='ltr'><strong>rnusuoruomazosau.</strong></span> <span class='ocrx_word' id='word_1_2' title='bbox 1270 566 1332 627; x_wconf 81' lang='grc'><strong>113</strong></span> 
     </span>
    </p>
   </div>
   <div class='ocr_carea' id='block_1_2' title="bbox 241 742 1364 1277">
    <p class='ocr_par' dir='ltr' id='par_1_2' title="bbox 241 742 1364 1277">
     <span class='ocr_line' id='line_1_2' title="bbox 242 742 1363 834; baseline 0.006 -28"><span class='ocrx_word' id='word_1_3' title='bbox 242 765 335 821; x_wconf 90' lang='lat' dir='ltr'><strong>„non</strong></span> <span class='ocrx_word' id='word_1_4' title='bbox 364 743 464 808; x_wconf 87' lang='lat' dir='ltr'><strong>solum</strong></span> <span class='ocrx_word' id='word_1_5' title='bbox 484 742 522 806; x_wconf 96' lang='lat' dir='ltr'><strong>ob</strong></span> <span class='ocrx_word' id='word_1_6' title='bbox 545 767 690 808; x_wconf 88' lang='lat' dir='ltr'><strong>numeros</strong></span> <span class='ocrx_word' id='word_1_7' title='bbox 714 744 867 828; x_wconf 92' lang='lat' dir='ltr'><strong>verbaque</strong></span> <span class='ocrx_word' id='word_1_8' title='bbox 889 747 1016 829; x_wconf 85' lang='lat' dir='ltr'><strong>tragica,</strong></span> <span class='ocrx_word' id='word_1_9' title='bbox 1042 748 1094 810; x_wconf 91' lang='lat' dir='ltr'><strong>sed</strong></span> <span class='ocrx_word' id='word_1_10' title='bbox 1120 749 1213 811; x_wconf 88' lang='lat' dir='ltr'><strong>etiam</strong></span> <span class='ocrx_word' id='word_1_11' title='bbox 1236 755 1363 834; x_wconf 89' lang='lat' dir='ltr'><strong>propter</strong></span> 
     </span>
     <span class='ocr_line' id='line_1_3' title="bbox 241 855 1360 946; baseline 0.007 -29"><span class='ocrx_word' id='word_1_12' title='bbox 241 855 356 932; x_wconf 90' lang='lat' dir='ltr'><strong>„illam</strong></span> <span class='ocrx_word' id='word_1_13' title='bbox 401 856 483 920; x_wconf 88' lang='lat' dir='ltr'><strong>vocis</strong></span> <span class='ocrx_word' id='word_1_14' title='bbox 519 855 612 938; x_wconf 84' lang='grc' dir='ltr'><em>λάθρρι</em></span> <span class='ocrx_word' id='word_1_15' title='bbox 650 857 900 940; x_wconf 85' lang='lat' dir='ltr'><strong>repetitionem.”</strong></span> <span class='ocrx_word' id='word_1_16' title='bbox 941 857 1030 936; x_wconf 76' lang='lat' dir='ltr'><strong>Quae</strong></span> <span class='ocrx_word' id='word_1_17' title='bbox 1068 860 1201 943; x_wconf 90' lang='lat' dir='ltr'><strong>probans</strong></span> <span class='ocrx_word' id='word_1_18' title='bbox 1240 860 1360 946; x_wconf 83' lang='lat' dir='ltr'><strong>Enger:</strong></span> 
     </span>
     <span class='ocr_line' id='line_1_4' title="bbox 244 965 1362 1057; baseline 0.009 -29"><span class='ocrx_word' id='word_1_19' title='bbox 244 1014 263 1043; x_wconf 92' lang='lat'><strong>,‚</strong></span> <span class='ocrx_word' id='word_1_20' title='bbox 272 965 357 1030; x_wconf 88' lang='lat' dir='ltr'><strong>Idem</strong></span> <span class='ocrx_word' id='word_1_21' title='bbox 377 967 414 1031; x_wconf 90' lang='lat' dir='ltr'><strong>de</strong></span> <span class='ocrx_word' id='word_1_22' title='bbox 435 967 534 1031; x_wconf 90' lang='lat' dir='ltr'><strong>verbis</strong></span> <span class='ocrx_word' id='word_1_23' title='bbox 554 991 597 1032; x_wconf 89' lang='lat' dir='ltr'><strong>vs.</strong></span> <span class='ocrx_word' id='word_1_24' title='bbox 620 971 660 1030; x_wconf 83' lang='lat'><strong>89</strong></span> <span class='ocrx_word' id='word_1_25' title='bbox 674 969 704 1032; x_wconf 92' lang='grc' dir='ltr'><strong>τί</strong></span> <span class='ocrx_word' id='word_1_26' title='bbox 714 969 863 1049; x_wconf 81' lang='grc' dir='ltr'><em>δράσοντ’;</em></span> <span class='ocrx_word' id='word_1_27' title='bbox 876 970 938 1033; x_wconf 81' lang='grc' dir='ltr'><em>εἰπέ</em></span> <span class='ocrx_word' id='word_1_28' title='bbox 950 995 999 1048; x_wconf 82' lang='grc' dir='ltr'><strong>μοι</strong></span> <span class='ocrx_word' id='word_1_29' title='bbox 1012 973 1217 1037; x_wconf 86' lang='lat' dir='ltr'><strong>animadverti</strong></span> <span class='ocrx_word' id='word_1_30' title='bbox 1230 975 1362 1057; x_wconf 88' lang='lat' dir='ltr'><strong>potest.”</strong></span> 
     </span>
     <span class='ocr_line' id='line_1_5' title="bbox 242 1077 1364 1166; baseline 0.009 -26"><span class='ocrx_word' id='word_1_31' title='bbox 242 1077 324 1141; x_wconf 78' lang='lat' dir='ltr'><strong>Fieri</strong></span> <span class='ocrx_word' id='word_1_32' title='bbox 355 1087 457 1164; x_wconf 87' lang='lat' dir='ltr'><strong>potest</strong></span> <span class='ocrx_word' id='word_1_33' title='bbox 479 1081 533 1143; x_wconf 91' lang='lat' dir='ltr'><strong>sed</strong></span> <span class='ocrx_word' id='word_1_34' title='bbox 556 1081 711 1144; x_wconf 91' lang='lat' dir='ltr'><strong>incertum</strong></span> <span class='ocrx_word' id='word_1_35' title='bbox 736 1088 800 1160; x_wconf 90' lang='lat' dir='ltr'><strong>est;</strong></span> <span class='ocrx_word' id='word_1_36' title='bbox 825 1104 896 1144; x_wconf 89' lang='lat' dir='ltr'><strong>nam</strong></span> <span class='ocrx_word' id='word_1_37' title='bbox 921 1085 1028 1156; x_wconf 71' lang='grc' dir='ltr'><em>στολὴν</em></span> <span class='ocrx_word' id='word_1_38' title='bbox 1052 1122 1097 1131; x_wconf 93' lang='grc'>-</span> <span class='ocrx_word' id='word_1_39' title='bbox 1120 1086 1322 1166; x_wconf 71' lang='grc' dir='ltr'><strong>ἠμφιεσμένον</strong></span> <span class='ocrx_word' id='word_1_40' title='bbox 1347 1110 1364 1149; x_wconf 86' lang='lat' dir='ltr'><strong>a</strong></span> 
     </span>
     <span class='ocr_line' id='line_1_6' title="bbox 246 1192 1363 1277; baseline 0.008 -23"><span class='ocrx_word' id='word_1_41' title='bbox 246 1192 432 1256; x_wconf 82' lang='lat' dir='ltr'><strong>comicorum</strong></span> <span class='ocrx_word' id='word_1_42' title='bbox 451 1192 575 1256; x_wconf 90' lang='lat' dir='ltr'><strong>dicendi</strong></span> <span class='ocrx_word' id='word_1_43' title='bbox 594 1216 706 1277; x_wconf 88' lang='lat' dir='ltr'><strong>genere</strong></span> <span class='ocrx_word' id='word_1_44' title='bbox 725 1216 789 1257; x_wconf 92' lang='lat' dir='ltr'><strong>non</strong></span> <span class='ocrx_word' id='word_1_45' title='bbox 801 1194 953 1258; x_wconf 84' lang='lat' dir='ltr'><strong>abhorret.</strong></span> <span class='ocrx_word' id='word_1_46' title='bbox 966 1195 1088 1259; x_wconf 84' lang='lat' dir='ltr'><strong>Thesm.</strong></span> <span class='ocrx_word' id='word_1_47' title='bbox 1103 1197 1363 1276; x_wconf 64' lang='lat' dir='ltr'><strong>851,E001.879;</strong></span> 
     </span>
    </p>
   </div>
   <div class='ocr_carea' id='block_1_3' title="bbox 245 1407 1368 1831">
    <p class='ocr_par' dir='ltr' id='par_1_3' title="bbox 245 1407 1368 1831">
     <span class='ocr_line' id='line_1_7' title="bbox 245 1407 1365 1502; baseline 0.006 -27"><span class='ocrx_word' id='word_1_48' title='bbox 245 1413 299 1478; x_wconf 83' lang='lat' dir='ltr'><strong>Vs.</strong></span> <span class='ocrx_word' id='word_1_49' title='bbox 327 1407 527 1476; x_wconf 80' lang='lat' dir='ltr'><strong>llll-129.</strong></span> <span class='ocrx_word' id='word_1_50' title='bbox 553 1413 600 1477; x_wconf 90' lang='lat' dir='ltr'><strong>De</strong></span> <span class='ocrx_word' id='word_1_51' title='bbox 628 1413 685 1477; x_wconf 94' lang='lat' dir='ltr'><strong>hoc</strong></span> <span class='ocrx_word' id='word_1_52' title='bbox 717 1414 860 1493; x_wconf 82' lang='lat' dir='ltr'><strong>carmine,</strong></span> <span class='ocrx_word' id='word_1_53' title='bbox 893 1415 977 1497; x_wconf 90' lang='lat' dir='ltr'><strong>quod</strong></span> <span class='ocrx_word' id='word_1_54' title='bbox 1001 1417 1038 1480; x_wconf 89' lang='lat' dir='ltr'><strong>ad</strong></span> <span class='ocrx_word' id='word_1_55' title='bbox 1069 1418 1244 1502; x_wconf 84' lang='lat' dir='ltr'><strong>Agathonis</strong></span> <span class='ocrx_word' id='word_1_56' title='bbox 1266 1442 1365 1482; x_wconf 84' lang='lat' dir='ltr'><strong>exem-</strong></span> 
     </span>
     <span class='ocr_line' id='line_1_8' title="bbox 245 1525 1366 1610; baseline 0.006 -22"><span class='ocrx_word' id='word_1_57' title='bbox 245 1525 335 1610; x_wconf 93' lang='lat' dir='ltr'><strong>plum</strong></span> <span class='ocrx_word' id='word_1_58' title='bbox 357 1527 562 1610; x_wconf 89' lang='lat' dir='ltr'><strong>compositum</strong></span> <span class='ocrx_word' id='word_1_59' title='bbox 586 1525 721 1602; x_wconf 89' lang='lat' dir='ltr'><strong>videtur,</strong></span> <span class='ocrx_word' id='word_1_60' title='bbox 747 1527 815 1589; x_wconf 91' lang='lat' dir='ltr'><strong>vide</strong></span> <span class='ocrx_word' id='word_1_61' title='bbox 838 1526 997 1610; x_wconf 78' lang='lat' dir='ltr'><strong>Engerum</strong></span> <span class='ocrx_word' id='word_1_62' title='bbox 1018 1551 1044 1590; x_wconf 89' lang='lat' dir='ltr'><strong>a.</strong></span> <span class='ocrx_word' id='word_1_63' title='bbox 1066 1528 1095 1592; x_wconf 92' lang='lat' dir='ltr'><strong>h.</strong></span> <span class='ocrx_word' id='word_1_64' title='bbox 1118 1530 1139 1593; x_wconf 92' lang='lat' dir='ltr'><strong>l.</strong></span> <span class='ocrx_word' id='word_1_65' title='bbox 1162 1529 1208 1592; x_wconf 94' lang='lat' dir='ltr'><strong>De</strong></span> <span class='ocrx_word' id='word_1_66' title='bbox 1228 1531 1366 1604; x_wconf 90' lang='grc' dir='ltr'><em>Ἀσιάδος</em></span> 
     </span>
     <span class='ocr_line' id='line_1_9' title="bbox 246 1636 1368 1722; baseline 0.005 -20"><span class='ocrx_word' id='word_1_67' title='bbox 246 1637 399 1718; x_wconf 81' lang='grc' dir='ltr'><em>κρούματα</em></span> <span class='ocrx_word' id='word_1_68' title='bbox 433 1662 475 1702; x_wconf 90' lang='lat' dir='ltr'><strong>vs.</strong></span> <span class='ocrx_word' id='word_1_69' title='bbox 514 1642 575 1701; x_wconf 79' lang='lat'><strong>120</strong></span> <span class='ocrx_word' id='word_1_70' title='bbox 607 1638 710 1722; x_wconf 82' lang='lat' dir='ltr'><strong>Etym.</strong></span> <span class='ocrx_word' id='word_1_71' title='bbox 743 1638 788 1702; x_wconf 87' lang='lat' dir='ltr'><strong>M.</strong></span> <span class='ocrx_word' id='word_1_72' title='bbox 820 1636 907 1710; x_wconf 80' lang='grc' dir='ltr'><em>οὕτως</em></span> <span class='ocrx_word' id='word_1_73' title='bbox 939 1641 1003 1720; x_wconf 88' lang='grc' dir='ltr'><strong>Ἀρ.</strong></span> <span class='ocrx_word' id='word_1_74' title='bbox 1034 1636 1096 1704; x_wconf 79' lang='grc' dir='ltr'><em>εἶπε</em></span> <span class='ocrx_word' id='word_1_75' title='bbox 1119 1643 1255 1722; x_wconf 80' lang='grc' dir='ltr'><em>παρῳδῶν</em></span> <span class='ocrx_word' id='word_1_76' title='bbox 1278 1645 1311 1708; x_wconf 79' lang='grc' dir='ltr'><strong>τὸ</strong></span> <span class='ocrx_word' id='word_1_77' title='bbox 1334 1641 1368 1719; x_wconf 78' lang='grc' dir='ltr'><strong>ἐξ</strong></span> 
     </span>
     <span class='ocr_line' id='line_1_10' title="bbox 245 1750 774 1831; baseline -0.002 -17"><span class='ocrx_word' id='word_1_78' title='bbox 245 1750 405 1831; x_wconf 75' lang='grc' dir='ltr'><em>Ἐρεχθέως</em></span> <span class='ocrx_word' id='word_1_79' title='bbox 428 1751 596 1831; x_wconf 75' lang='grc' dir='ltr'><em>Εὐριπίδου.</em></span> <span class='ocrx_word' id='word_1_80' title='bbox 622 1750 673 1814; x_wconf 83' lang='lat' dir='ltr'><strong>Fr.</strong></span> <span class='ocrx_word' id='word_1_81' title='bbox 700 1750 774 1813; x_wconf 81' lang='lat'><strong>371.</strong></span> 
     </span>
    </p>
   </div>
   <div class='ocr_carea' id='block_1_4' title="bbox 246 1965 1369 4305">
    <p class='ocr_par' dir='ltr' id='par_1_4' title="bbox 248 1965 1270 2504">
     <span class='ocr_line' id='line_1_11' title="bbox 248 1965 1268 2055; baseline 0.005 -21"><span class='ocrx_word' id='word_1_82' title='bbox 248 1973 301 2038; x_wconf 79' lang='lat' dir='ltr'><strong>Vs.</strong></span> <span class='ocrx_word' id='word_1_83' title='bbox 328 1965 396 2034; x_wconf 84' lang='grc'><strong>136</strong></span> <span class='ocrx_word' id='word_1_84' title='bbox 420 1994 485 2055; x_wconf 86' lang='lat' dir='ltr'><strong>sqq.</strong></span> <span class='ocrx_word' id='word_1_85' title='bbox 510 1973 640 2044; x_wconf 84' lang='grc' dir='ltr'><em>ποδαπὸς</em></span> <span class='ocrx_word' id='word_1_86' title='bbox 664 1972 677 2036; x_wconf 82' lang='grc' dir='ltr'>ὁ</span> <span class='ocrx_word' id='word_1_87' title='bbox 701 1971 817 2050; x_wconf 77' lang='grc' dir='ltr'><em>νύννιςς</em></span> <span class='ocrx_word' id='word_1_88' title='bbox 841 1973 886 2045; x_wconf 85' lang='grc' dir='ltr'><strong>τίς</strong></span> <span class='ocrx_word' id='word_1_89' title='bbox 910 1972 1028 2054; x_wconf 76' lang='grc' dir='ltr'><em>πάτρας</em></span> <span class='ocrx_word' id='word_1_90' title='bbox 1053 1974 1096 2047; x_wconf 91' lang='grc' dir='ltr'><strong>τίς</strong></span> <span class='ocrx_word' id='word_1_91' title='bbox 1120 1975 1136 2048; x_wconf 76' lang='grc' dir='ltr'><strong><em>ἡ</em></strong></span> <span class='ocrx_word' id='word_1_92' title='bbox 1159 1977 1268 2051; x_wconf 77' lang='grc' dir='ltr'><em>στολάς</em></span> 
     </span>
     <span class='ocr_line' id='line_1_12' title="bbox 514 2081 1137 2166; baseline 0.003 -18"><span class='ocrx_word' id='word_1_93' title='bbox 514 2085 557 2156; x_wconf 88' lang='grc' dir='ltr'><strong>τίς</strong></span> <span class='ocrx_word' id='word_1_94' title='bbox 579 2085 595 2157; x_wconf 65' lang='grc' dir='ltr'><strong>κ’</strong></span> <span class='ocrx_word' id='word_1_95' title='bbox 619 2081 739 2165; x_wconf 77' lang='grc' dir='ltr'><em>τάραξις</em></span> <span class='ocrx_word' id='word_1_96' title='bbox 762 2089 813 2149; x_wconf 82' lang='grc' dir='ltr'><strong>τοῦ</strong></span> <span class='ocrx_word' id='word_1_97' title='bbox 837 2084 919 2162; x_wconf 75' lang='grc' dir='ltr'><em>βίους</em></span> <span class='ocrx_word' id='word_1_98' title='bbox 943 2086 974 2149; x_wconf 97' lang='grc' dir='ltr'><strong>τί</strong></span> <span class='ocrx_word' id='word_1_99' title='bbox 995 2086 1137 2166; x_wconf 77' lang='grc' dir='ltr'><em>βάρβιτος</em></span> 
     </span>
     <span class='ocr_line' id='line_1_13' title="bbox 513 2196 1191 2279; baseline 0.004 -19"><span class='ocrx_word' id='word_1_100' title='bbox 513 2203 607 2262; x_wconf 80' lang='grc' dir='ltr'><em>λαλεῖ</em></span> <span class='ocrx_word' id='word_1_101' title='bbox 624 2198 771 2277; x_wconf 81' lang='grc' dir='ltr'><em>κροκωτῷ;</em></span> <span class='ocrx_word' id='word_1_102' title='bbox 794 2197 825 2261; x_wconf 88' lang='grc' dir='ltr'><strong>τί</strong></span> <span class='ocrx_word' id='word_1_103' title='bbox 846 2198 877 2261; x_wconf 79' lang='grc' dir='ltr'><strong>δὲ</strong></span> <span class='ocrx_word' id='word_1_104' title='bbox 901 2196 974 2278; x_wconf 87' lang='grc' dir='ltr'><em>λθρα</em></span> <span class='ocrx_word' id='word_1_105' title='bbox 999 2199 1191 2279; x_wconf 74' lang='grc' dir='ltr'><em>κεκρυφάλῳς</em></span> 
     </span>
     <span class='ocr_line' id='line_1_14' title="bbox 513 2307 1228 2392; baseline 0.003 -20"><span class='ocrx_word' id='word_1_106' title='bbox 513 2309 543 2373; x_wconf 88' lang='grc' dir='ltr'><strong>τί</strong></span> <span class='ocrx_word' id='word_1_107' title='bbox 563 2309 684 2382; x_wconf 76' lang='grc' dir='ltr'><em>λήκυθος</em></span> <span class='ocrx_word' id='word_1_108' title='bbox 706 2307 758 2372; x_wconf 77' lang='grc' dir='ltr'><strong>καί</strong></span> <span class='ocrx_word' id='word_1_109' title='bbox 781 2308 931 2390; x_wconf 67' lang='grc' dir='ltr'><em>στρίφιονρ</em></span> <span class='ocrx_word' id='word_1_110' title='bbox 955 2311 992 2381; x_wconf 79' lang='grc' dir='ltr'><strong>ὡς</strong></span> <span class='ocrx_word' id='word_1_111' title='bbox 1016 2313 1046 2374; x_wconf 84' lang='grc' dir='ltr'><strong>οὐ</strong></span> <span class='ocrx_word' id='word_1_112' title='bbox 1070 2307 1228 2392; x_wconf 75' lang='grc' dir='ltr'><em>ξύμφορον.</em></span> 
     </span>
     <span class='ocr_line' id='line_1_15' title="bbox 514 2419 1270 2504; baseline 0.001 -18"><span class='ocrx_word' id='word_1_113' title='bbox 514 2421 557 2494; x_wconf 91' lang='grc' dir='ltr'><strong>τίς</strong></span> <span class='ocrx_word' id='word_1_114' title='bbox 580 2420 631 2486; x_wconf 76' lang='grc' dir='ltr'><strong>δαί</strong></span> <span class='ocrx_word' id='word_1_115' title='bbox 655 2420 817 2502; x_wconf 72' lang='grc' dir='ltr'><em>κατόπτρου</em></span> <span class='ocrx_word' id='word_1_116' title='bbox 840 2421 891 2485; x_wconf 75' lang='grc' dir='ltr'><strong>καί</strong></span> <span class='ocrx_word' id='word_1_117' title='bbox 915 2419 1018 2504; x_wconf 76' lang='grc' dir='ltr'><em>ξίφους</em></span> <span class='ocrx_word' id='word_1_118' title='bbox 1041 2424 1185 2499; x_wconf 75' lang='grc' dir='ltr'><em>κοινωνίας</em></span> <span class='ocrx_word' id='word_1_119' title='bbox 1209 2426 1270 2488; x_wconf 82' lang='grc' dir='ltr'><strong>κτὲ.</strong></span> 
     </span>
    </p>

    <p class='ocr_par' dir='ltr' id='par_1_5' title="bbox 246 2533 1369 3180">
     <span class='ocr_line' id='line_1_16' title="bbox 293 2533 1367 2618; baseline 0.006 -24"><span class='ocrx_word' id='word_1_120' title='bbox 293 2533 409 2598; x_wconf 81' lang='lat' dir='ltr'>Versus</span> <span class='ocrx_word' id='word_1_121' title='bbox 439 2535 526 2598; x_wconf 86' lang='lat' dir='ltr'><strong>affert</strong></span> <span class='ocrx_word' id='word_1_122' title='bbox 556 2556 572 2596; x_wconf 94' lang='lat' dir='ltr'><strong>e</strong></span> <span class='ocrx_word' id='word_1_123' title='bbox 596 2534 762 2618; x_wconf 86' lang='lat' dir='ltr'><strong>tetralogia</strong></span> <span class='ocrx_word' id='word_1_124' title='bbox 784 2533 949 2618; x_wconf 83' lang='lat' dir='ltr'><strong>Lycurgia.</strong></span> <span class='ocrx_word' id='word_1_125' title='bbox 973 2534 1075 2599; x_wconf 84' lang='lat' dir='ltr'><strong>Sohol.</strong></span> <span class='ocrx_word' id='word_1_126' title='bbox 1100 2536 1180 2613; x_wconf 76' lang='grc' dir='ltr'><em>λέγει</em></span> <span class='ocrx_word' id='word_1_127' title='bbox 1203 2535 1233 2600; x_wconf 81' lang='grc' dir='ltr'><strong>δὲ</strong></span> <span class='ocrx_word' id='word_1_128' title='bbox 1256 2538 1286 2600; x_wconf 81' lang='grc' dir='ltr'><strong>ἐν</strong></span> <span class='ocrx_word' id='word_1_129' title='bbox 1309 2544 1367 2610; x_wconf 85' lang='grc' dir='ltr'><em>τοῖς</em></span> 
     </span>
     <span class='ocr_line' id='line_1_17' title="bbox 248 2645 1368 2727; baseline 0.001 -16"><span class='ocrx_word' id='word_1_130' title='bbox 248 2648 387 2719; x_wconf 80' lang='grc' dir='ltr'><em>Ἠδωνοῖς</em></span> <span class='ocrx_word' id='word_1_131' title='bbox 409 2648 476 2723; x_wconf 83' lang='grc' dir='ltr'><em>πρὸς</em></span> <span class='ocrx_word' id='word_1_132' title='bbox 500 2647 547 2710; x_wconf 80' lang='grc' dir='ltr'><strong>τὸν</strong></span> <span class='ocrx_word' id='word_1_133' title='bbox 571 2645 780 2727; x_wconf 68' lang='grc' dir='ltr'><em>συλληφθέντα</em></span> <span class='ocrx_word' id='word_1_134' title='bbox 801 2645 949 2711; x_wconf 85' lang='grc' dir='ltr'><em>Διθνυσον;</em></span> <span class='ocrx_word' id='word_1_135' title='bbox 971 2648 1101 2720; x_wconf 79' lang='grc' dir='ltr'><em>ποδαπὸς</em></span> <span class='ocrx_word' id='word_1_136' title='bbox 1124 2647 1269 2726; x_wconf 72' lang='grc' dir='ltr'><em>ὃνθννιςς</em></span> <span class='ocrx_word' id='word_1_137' title='bbox 1283 2648 1368 2712; x_wconf 88' lang='lat' dir='ltr'><strong>Nota</strong></span> 
     </span>
     <span class='ocr_line' id='line_1_18' title="bbox 246 2755 1364 2846; baseline 0.003 -24"><span class='ocrx_word' id='word_1_138' title='bbox 246 2765 293 2842; x_wconf 79' lang='lat' dir='ltr'><strong>est</strong></span> <span class='ocrx_word' id='word_1_139' title='bbox 315 2758 443 2821; x_wconf 85' lang='lat' dir='ltr'><strong>historia</strong></span> <span class='ocrx_word' id='word_1_140' title='bbox 465 2758 545 2841; x_wconf 85' lang='lat' dir='ltr'><strong>regis</strong></span> <span class='ocrx_word' id='word_1_141' title='bbox 568 2755 758 2845; x_wconf 81' lang='lat' dir='ltr'><strong>¹Edonorum,</strong></span> <span class='ocrx_word' id='word_1_142' title='bbox 780 2757 927 2842; x_wconf 85' lang='lat' dir='ltr'><strong>Lycurgi,</strong></span> <span class='ocrx_word' id='word_1_143' title='bbox 948 2760 1003 2841; x_wconf 89' lang='lat' dir='ltr'><strong>qui</strong></span> <span class='ocrx_word' id='word_1_144' title='bbox 1023 2759 1183 2823; x_wconf 88' lang='lat' dir='ltr'><strong>Bacchum</strong></span> <span class='ocrx_word' id='word_1_145' title='bbox 1202 2761 1364 2846; x_wconf 87' lang='lat' dir='ltr'><strong>captivum</strong></span> 
     </span>
     <span class='ocr_line' id='line_1_19' title="bbox 249 2850 1368 2955; baseline 0.002 -20"><span class='ocrx_word' id='word_1_146' title='bbox 249 2894 349 2935; x_wconf 86' lang='lat' dir='ltr'><strong>coram</strong></span> <span class='ocrx_word' id='word_1_147' title='bbox 385 2894 416 2934; x_wconf 88' lang='lat' dir='ltr'><strong>se</strong></span> <span class='ocrx_word' id='word_1_148' title='bbox 450 2869 523 2934; x_wconf 87' lang='lat' dir='ltr'><strong>duci</strong></span> <span class='ocrx_word' id='word_1_149' title='bbox 553 2850 653 2947; x_wconf 85' lang='lat' dir='ltr'><strong>iussit,</strong></span> <span class='ocrx_word' id='word_1_150' title='bbox 686 2871 792 2955; x_wconf 82' lang='lat' dir='ltr'><strong>Apoll.</strong></span> <span class='ocrx_word' id='word_1_151' title='bbox 824 2869 931 2934; x_wconf 82' lang='lat'>1115.</span> <span class='ocrx_word' id='word_1_152' title='bbox 959 2874 987 2950; x_wconf 91' lang='lat' dir='ltr'><strong>l,</strong></span> <span class='ocrx_word' id='word_1_153' title='bbox 1012 2874 1042 2950; x_wconf 82' lang='lat'><strong>3,</strong></span> <span class='ocrx_word' id='word_1_154' title='bbox 1067 2873 1151 2955; x_wconf 92' lang='lat' dir='ltr'><strong>quod</strong></span> <span class='ocrx_word' id='word_1_155' title='bbox 1174 2874 1268 2936; x_wconf 88' lang='lat' dir='ltr'><strong>etiam</strong></span> <span class='ocrx_word' id='word_1_156' title='bbox 1290 2873 1368 2938; x_wconf 90' lang='lat' dir='ltr'><strong>Pen-</strong></span> 
     </span>
     <span class='ocr_line' id='line_1_20' title="bbox 248 2983 1369 3071; baseline 0.004 -25"><span class='ocrx_word' id='word_1_157' title='bbox 248 2985 340 3048; x_wconf 88' lang='lat' dir='ltr'><strong>theus</strong></span> <span class='ocrx_word' id='word_1_158' title='bbox 369 2983 443 3047; x_wconf 87' lang='lat' dir='ltr'><strong>lecit</strong></span> <span class='ocrx_word' id='word_1_159' title='bbox 473 3005 565 3066; x_wconf 92' lang='lat' dir='ltr'><strong>quem</strong></span> <span class='ocrx_word' id='word_1_160' title='bbox 596 3006 666 3047; x_wconf 90' lang='lat' dir='ltr'><strong>cum</strong></span> <span class='ocrx_word' id='word_1_161' title='bbox 698 2983 821 3047; x_wconf 88' lang='lat' dir='ltr'><strong>Baccho</strong></span> <span class='ocrx_word' id='word_1_162' title='bbox 851 2983 1078 3066; x_wconf 80' lang='lat' dir='ltr'><strong>colloquentem</strong></span> <span class='ocrx_word' id='word_1_163' title='bbox 1101 2986 1133 3048; x_wconf 90' lang='lat' dir='ltr'><strong>in</strong></span> <span class='ocrx_word' id='word_1_164' title='bbox 1157 3008 1279 3049; x_wconf 88' lang='lat' dir='ltr'><strong>scenam</strong></span> <span class='ocrx_word' id='word_1_165' title='bbox 1302 3009 1369 3071; x_wconf 90' lang='lat' dir='ltr'><strong>pro-</strong></span> 
     </span>
     <span class='ocr_line' id='line_1_21' title="bbox 249 3094 1256 3180; baseline 0.003 -22"><span class='ocrx_word' id='word_1_166' title='bbox 249 3095 341 3159; x_wconf 83' lang='lat' dir='ltr'><strong>duxit</strong></span> <span class='ocrx_word' id='word_1_167' title='bbox 363 3094 539 3180; x_wconf 81' lang='lat' dir='ltr'><strong>Euripides,</strong></span> <span class='ocrx_word' id='word_1_168' title='bbox 564 3094 675 3158; x_wconf 84' lang='lat' dir='ltr'><strong>Bacch.</strong></span> <span class='ocrx_word' id='word_1_169' title='bbox 702 3097 764 3157; x_wconf 74' lang='lat'><strong>451</strong></span> <span class='ocrx_word' id='word_1_170' title='bbox 789 3116 867 3178; x_wconf 71' lang='lat' dir='ltr'><strong>sqq,</strong></span> <span class='ocrx_word' id='word_1_171' title='bbox 892 3096 1083 3180; x_wconf 83' lang='lat' dir='ltr'><strong>Aeschylum</strong></span> <span class='ocrx_word' id='word_1_172' title='bbox 1105 3097 1256 3162; x_wconf 87' lang='lat' dir='ltr'><strong>imitatus.</strong></span> 
     </span>
    </p>

    <p class='ocr_par' dir='ltr' id='par_1_6' title="bbox 248 3207 1369 4305">
     <span class='ocr_line' id='line_1_22' title="bbox 293 3207 1368 3291; baseline 0.002 -19"><span class='ocrx_word' id='word_1_173' title='bbox 293 3209 340 3272; x_wconf 80' lang='lat' dir='ltr'><strong>Ex</strong></span> <span class='ocrx_word' id='word_1_174' title='bbox 362 3208 563 3272; x_wconf 85' lang='lat' dir='ltr'><strong>annotatione</strong></span> <span class='ocrx_word' id='word_1_175' title='bbox 587 3207 767 3271; x_wconf 80' lang='lat' dir='ltr'><strong>scholiastae</strong></span> <span class='ocrx_word' id='word_1_176' title='bbox 791 3230 854 3271; x_wconf 93' lang='lat' dir='ltr'><strong>non</strong></span> <span class='ocrx_word' id='word_1_177' title='bbox 878 3209 1021 3291; x_wconf 90' lang='lat' dir='ltr'><strong>sequitur</strong></span> <span class='ocrx_word' id='word_1_178' title='bbox 1045 3209 1077 3272; x_wconf 91' lang='lat' dir='ltr'><strong>in</strong></span> <span class='ocrx_word' id='word_1_179' title='bbox 1101 3210 1183 3274; x_wconf 91' lang='lat' dir='ltr'><strong>hisce</strong></span> <span class='ocrx_word' id='word_1_180' title='bbox 1206 3209 1285 3274; x_wconf 87' lang='lat' dir='ltr'><strong>nihil</strong></span> <span class='ocrx_word' id='word_1_181' title='bbox 1307 3212 1368 3274; x_wconf 90' lang='lat' dir='ltr'><strong>nisi</strong></span> 
     </span>
     <span class='ocr_line' id='line_1_23' title="bbox 251 3319 1366 3404; baseline 0.004 -21"><span class='ocrx_word' id='word_1_182' title='bbox 251 3322 381 3393; x_wconf 79' lang='grc' dir='ltr'><em>ποδαπὸς</em></span> <span class='ocrx_word' id='word_1_183' title='bbox 404 3321 417 3384; x_wconf 82' lang='grc' dir='ltr'>ὁ</span> <span class='ocrx_word' id='word_1_184' title='bbox 441 3319 554 3398; x_wconf 72' lang='grc' dir='ltr'><em>νάινιςς</em></span> <span class='ocrx_word' id='word_1_185' title='bbox 579 3319 787 3404; x_wconf 88' lang='lat' dir='ltr'><strong>Aeschyleum</strong></span> <span class='ocrx_word' id='word_1_186' title='bbox 810 3343 883 3400; x_wconf 92' lang='lat' dir='ltr'><strong>esse,</strong></span> <span class='ocrx_word' id='word_1_187' title='bbox 908 3328 940 3384; x_wconf 80' lang='lat' dir='ltr'><strong>et</strong></span> <span class='ocrx_word' id='word_1_188' title='bbox 964 3327 1070 3384; x_wconf 87' lang='lat' dir='ltr'><strong>contra</strong></span> <span class='ocrx_word' id='word_1_189' title='bbox 1089 3321 1305 3387; x_wconf 89' lang='lat' dir='ltr'><strong>Hermannum</strong></span> <span class='ocrx_word' id='word_1_190' title='bbox 1322 3348 1366 3388; x_wconf 88' lang='lat' dir='ltr'><strong>vs.</strong></span> 
     </span>
     <span class='ocr_line' id='line_1_24' title="bbox 253 3431 1367 3517; baseline 0.002 -21"><span class='ocrx_word' id='word_1_191' title='bbox 253 3435 314 3496; x_wconf 86' lang='grc'><strong>136</strong></span> <span class='ocrx_word' id='word_1_192' title='bbox 350 3439 473 3496; x_wconf 89' lang='lat' dir='ltr'><strong>tantum</strong></span> <span class='ocrx_word' id='word_1_193' title='bbox 509 3432 662 3516; x_wconf 84' lang='lat' dir='ltr'><strong>Aeschylo</strong></span> <span class='ocrx_word' id='word_1_194' title='bbox 692 3431 884 3495; x_wconf 80' lang='lat' dir='ltr'><strong>tribuentem</strong></span> <span class='ocrx_word' id='word_1_195' title='bbox 916 3432 993 3496; x_wconf 91' lang='lat' dir='ltr'><strong>bene</strong></span> <span class='ocrx_word' id='word_1_196' title='bbox 1023 3432 1195 3517; x_wconf 88' lang='lat' dir='ltr'><strong>disputavit</strong></span> <span class='ocrx_word' id='word_1_197' title='bbox 1216 3434 1367 3499; x_wconf 79' lang='lat' dir='ltr'><strong>Fritsche.</strong></span> 
     </span>
     <span class='ocr_line' id='line_1_25' title="bbox 250 3545 1367 3631; baseline 0.001 -23"><span class='ocrx_word' id='word_1_198' title='bbox 250 3545 356 3609; x_wconf 90' lang='lat' dir='ltr'><strong>Huius</strong></span> <span class='ocrx_word' id='word_1_199' title='bbox 389 3553 572 3627; x_wconf 82' lang='lat' dir='ltr'><strong>argumenta</strong></span> <span class='ocrx_word' id='word_1_200' title='bbox 602 3550 686 3624; x_wconf 86' lang='lat' dir='ltr'><strong>sunt,</strong></span> <span class='ocrx_word' id='word_1_201' title='bbox 718 3545 853 3628; x_wconf 84' lang='lat' dir='ltr'><strong>primum</strong></span> <span class='ocrx_word' id='word_1_202' title='bbox 885 3545 968 3627; x_wconf 89' lang='lat' dir='ltr'><strong>quod</strong></span> <span class='ocrx_word' id='word_1_203' title='bbox 999 3545 1123 3629; x_wconf 85' lang='lat' dir='ltr'><strong>longam</strong></span> <span class='ocrx_word' id='word_1_204' title='bbox 1146 3547 1367 3631; x_wconf 86' lang='lat' dir='ltr'><strong>praelationem</strong></span> 
     </span>
     <span class='ocr_line' id='line_1_26' title="bbox 248 3657 1366 3745; baseline 0.003 -24"><span class='ocrx_word' id='word_1_205' title='bbox 248 3657 441 3743; x_wconf 89' lang='lat' dir='ltr'><strong>praemiserit</strong></span> <span class='ocrx_word' id='word_1_206' title='bbox 475 3659 541 3730; x_wconf 76' lang='lat' dir='ltr'><strong>Au,</strong></span> <span class='ocrx_word' id='word_1_207' title='bbox 577 3679 639 3740; x_wconf 92' lang='lat' dir='ltr'><strong>quo</strong></span> <span class='ocrx_word' id='word_1_208' title='bbox 668 3657 799 3720; x_wconf 90' lang='lat' dir='ltr'><strong>indicari</strong></span> <span class='ocrx_word' id='word_1_209' title='bbox 830 3680 892 3721; x_wconf 88' lang='lat' dir='ltr'><strong>non</strong></span> <span class='ocrx_word' id='word_1_210' title='bbox 917 3658 1007 3721; x_wconf 90' lang='lat' dir='ltr'><strong>modo</strong></span> <span class='ocrx_word' id='word_1_211' title='bbox 1032 3660 1184 3742; x_wconf 85' lang='lat' dir='ltr'><strong>insignem</strong></span> <span class='ocrx_word' id='word_1_212' title='bbox 1207 3660 1366 3745; x_wconf 88' lang='lat' dir='ltr'><strong>parodiam</strong></span> 
     </span>
     <span class='ocr_line' id='line_1_27' title="bbox 249 3769 1367 3855; baseline 0.004 -21"><span class='ocrx_word' id='word_1_213' title='bbox 249 3769 395 3855; x_wconf 88' lang='lat' dir='ltr'><strong>subsequi</strong></span> <span class='ocrx_word' id='word_1_214' title='bbox 418 3793 525 3834; x_wconf 89' lang='lat' dir='ltr'><strong>verum</strong></span> <span class='ocrx_word' id='word_1_215' title='bbox 548 3772 642 3834; x_wconf 85' lang='lat' dir='ltr'><strong>etiam</strong></span> <span class='ocrx_word' id='word_1_216' title='bbox 664 3771 769 3854; x_wconf 89' lang='lat' dir='ltr'><strong>plures</strong></span> <span class='ocrx_word' id='word_1_217' title='bbox 793 3793 849 3855; x_wconf 90' lang='lat' dir='ltr'><strong>per</strong></span> <span class='ocrx_word' id='word_1_218' title='bbox 870 3794 976 3834; x_wconf 86' lang='lat' dir='ltr'><strong>versus</strong></span> <span class='ocrx_word' id='word_1_219' title='bbox 1000 3773 1231 3852; x_wconf 65' lang='lat' dir='ltr'><strong>continuatam</strong></span> <span class='ocrx_word' id='word_1_220' title='bbox 1255 3773 1367 3838; x_wconf 86' lang='lat' dir='ltr'><strong>deinde</strong></span> 
     </span>
     <span class='ocr_line' id='line_1_28' title="bbox 249 3882 1369 3968; baseline 0.004 -23"><span class='ocrx_word' id='word_1_221' title='bbox 249 3882 367 3947; x_wconf 90' lang='lat' dir='ltr'><strong>indoles</strong></span> <span class='ocrx_word' id='word_1_222' title='bbox 397 3882 571 3962; x_wconf 88' lang='lat' dir='ltr'><strong>verborum,</strong></span> <span class='ocrx_word' id='word_1_223' title='bbox 603 3883 744 3968; x_wconf 88' lang='lat' dir='ltr'><strong>inprimis</strong></span> <span class='ocrx_word' id='word_1_224' title='bbox 775 3904 834 3947; x_wconf 69' lang='grc' dir='ltr'><em>νου.</em></span> <span class='ocrx_word' id='word_1_225' title='bbox 870 3885 944 3963; x_wconf 73' lang='lat'><strong>141,</strong></span> <span class='ocrx_word' id='word_1_226' title='bbox 971 3887 1052 3962; x_wconf 77' lang='lat' dir='ltr'><strong>Ill,-</strong></span> <span class='ocrx_word' id='word_1_227' title='bbox 1076 3885 1210 3968; x_wconf 87' lang='lat' dir='ltr'><strong>denique</strong></span> <span class='ocrx_word' id='word_1_228' title='bbox 1232 3887 1369 3951; x_wconf 87' lang='lat' dir='ltr'><strong>testimo·</strong></span> 
     </span>
     <span class='ocr_line' id='line_1_29' title="bbox 249 3995 1366 4078; baseline 0.003 -19"><span class='ocrx_word' id='word_1_229' title='bbox 249 3995 338 4060; x_wconf 92' lang='lat' dir='ltr'><strong>nium</strong></span> <span class='ocrx_word' id='word_1_230' title='bbox 369 3996 558 4060; x_wconf 73' lang='lat' dir='ltr'><strong>scholiastae</strong></span> <span class='ocrx_word' id='word_1_231' title='bbox 583 3995 687 4058; x_wconf 80' lang='lat' dir='ltr'><strong>adue.</strong></span> <span class='ocrx_word' id='word_1_232' title='bbox 714 3998 776 4058; x_wconf 78' lang='lat'><strong>136</strong></span> <span class='ocrx_word' id='word_1_233' title='bbox 801 3996 957 4078; x_wconf 84' lang='lat' dir='ltr'><strong>(Meinehe</strong></span> <span class='ocrx_word' id='word_1_234' title='bbox 980 3997 1048 4060; x_wconf 87' lang='lat' dir='ltr'><strong>iure</strong></span> <span class='ocrx_word' id='word_1_235' title='bbox 1072 3997 1105 4060; x_wconf 89' lang='lat' dir='ltr'><strong>id</strong></span> <span class='ocrx_word' id='word_1_236' title='bbox 1127 3998 1238 4060; x_wconf 84' lang='lat' dir='ltr'><strong>retulit</strong></span> <span class='ocrx_word' id='word_1_237' title='bbox 1260 3998 1300 4061; x_wconf 88' lang='lat' dir='ltr'><strong>ad</strong></span> <span class='ocrx_word' id='word_1_238' title='bbox 1323 4021 1366 4062; x_wconf 88' lang='lat' dir='ltr'><strong>vs.</strong></span> 
     </span>
     <span class='ocr_line' id='line_1_30' title="bbox 251 4107 1367 4192; baseline 0.004 -20"><span class='ocrx_word' id='word_1_239' title='bbox 251 4111 324 4192; x_wconf 87' lang='grc'><strong>137)</strong></span> <span class='ocrx_word' id='word_1_240' title='bbox 354 4111 479 4174; x_wconf 78' lang='grc' dir='ltr'><em>ἐντεῦθεν</em></span> <span class='ocrx_word' id='word_1_241' title='bbox 507 4109 560 4181; x_wconf 74' lang='grc' dir='ltr'><em>τίρν</em></span> <span class='ocrx_word' id='word_1_242' title='bbox 591 4109 686 4189; x_wconf 71' lang='grc' dir='ltr'><em>άρχὶρν</em></span> <span class='ocrx_word' id='word_1_243' title='bbox 715 4107 869 4187; x_wconf 80' lang='grc' dir='ltr'><em>Εὔβουλος</em></span> <span class='ocrx_word' id='word_1_244' title='bbox 892 4109 1047 4182; x_wconf 76' lang='grc' dir='ltr'><em>ἐποιήσατο</em></span> <span class='ocrx_word' id='word_1_245' title='bbox 1071 4115 1121 4174; x_wconf 82' lang='grc' dir='ltr'><strong>τοῦ</strong></span> <span class='ocrx_word' id='word_1_246' title='bbox 1148 4111 1302 4185; x_wconf 86' lang='grc' dir='ltr'><em>Διονυσίου,</em></span> <span class='ocrx_word' id='word_1_247' title='bbox 1326 4112 1367 4176; x_wconf 87' lang='grc' dir='ltr'><strong>τά</strong></span> 
     </span>
     <span class='ocr_line' id='line_1_31' title="bbox 248 4221 1367 4305; baseline 0 -18"><span class='ocrx_word' id='word_1_248' title='bbox 248 4223 371 4300; x_wconf 82' lang='grc' dir='ltr'><em>άνίμοια</em></span> <span class='ocrx_word' id='word_1_249' title='bbox 405 4227 460 4287; x_wconf 77' lang='grc' dir='ltr'><strong>τῶν</strong></span> <span class='ocrx_word' id='word_1_250' title='bbox 494 4224 524 4286; x_wconf 81' lang='grc' dir='ltr'><strong>ἐν</strong></span> <span class='ocrx_word' id='word_1_251' title='bbox 553 4231 589 4303; x_wconf 74' lang='grc' dir='ltr'><strong>τῇ</strong></span> <span class='ocrx_word' id='word_1_252' title='bbox 623 4222 769 4286; x_wconf 94' lang='grc' dir='ltr'><em>Διονυσίου</em></span> <span class='ocrx_word' id='word_1_253' title='bbox 793 4222 866 4305; x_wconf 77' lang='grc' dir='ltr'><em>οἰκία</em></span> <span class='ocrx_word' id='word_1_254' title='bbox 889 4221 1073 4299; x_wconf 77' lang='grc' dir='ltr'><em>καταλέγων.</em></span> <span class='ocrx_word' id='word_1_255' title='bbox 1099 4223 1260 4288; x_wconf 80' lang='lat' dir='ltr'><strong>Eubulum</strong></span> <span class='ocrx_word' id='word_1_256' title='bbox 1284 4225 1367 4288; x_wconf 90' lang='lat' dir='ltr'><strong>enim</strong></span> 
     </span>
    </p>
   </div>
   <div class='ocr_carea' id='block_1_5' title="bbox 249 4335 1366 4489">
    <p class='ocr_par' dir='ltr' id='par_1_7' title="bbox 249 4335 1366 4489">
     <span class='ocr_line' id='line_1_32' title="bbox 249 4335 1366 4422; baseline 0.001 -22"><span class='ocrx_word' id='word_1_257' title='bbox 249 4359 311 4400; x_wconf 90' lang='lat' dir='ltr'><strong>non</strong></span> <span class='ocrx_word' id='word_1_258' title='bbox 345 4336 562 4422; x_wconf 84' lang='lat' dir='ltr'><strong>Aristophanis</strong></span> <span class='ocrx_word' id='word_1_259' title='bbox 598 4336 651 4399; x_wconf 82' lang='lat' dir='ltr'><strong>sed</strong></span> <span class='ocrx_word' id='word_1_260' title='bbox 685 4335 832 4422; x_wconf 86' lang='lat' dir='ltr'><strong>Aeschyli</strong></span> <span class='ocrx_word' id='word_1_261' title='bbox 868 4335 1045 4420; x_wconf 84' lang='lat' dir='ltr'><strong>exemplum</strong></span> <span class='ocrx_word' id='word_1_262' title='bbox 1073 4335 1132 4399; x_wconf 89' lang='lat' dir='ltr'><strong>sibi</strong></span> <span class='ocrx_word' id='word_1_263' title='bbox 1160 4337 1366 4421; x_wconf 87' lang='lat' dir='ltr'><strong>proposuisse.</strong></span> 
     </span>
     <span class='ocr_line' id='line_1_33' title="bbox 514 4440 1241 4489; baseline 0.001 -1"><span class='ocrx_word' id='word_1_264' title='bbox 514 4440 519 4449; x_wconf 84' lang='grc'><strong>’</strong></span> <span class='ocrx_word' id='word_1_265' title='bbox 1226 4447 1241 4489; x_wconf 80' lang='lat' dir='ltr'><strong>a</strong></span> 
     </span>
    </p>
   </div>
   <div class='ocr_carea' id='block_1_6' title="bbox 0 0 1619 5370">
    <p class='ocr_par' dir='ltr' id='par_1_8' title="bbox 0 0 1619 5370">
     <span class='ocr_line' id='line_1_34' title="bbox 0 0 1619 5370; baseline 0 0"><span class='ocrx_word' id='word_1_266' title='bbox 0 0 1619 5370; x_wconf 95' lang='lat' dir='ltr'><strong> </strong></span> 
     </span>
    </p>
   </div>
  </div>
 </body>
</html>
