3218 5370
737 625 862 668 vesunu.
1294 607 1333 669 67

239 817 354 859 novum
367 794 489 867 schema
500 767 670 870 invenerat,
684 792 715 856 τὸ
728 791 890 871 Φρυνίχειον
904 814 946 853 vs.
961 793 1044 853 1524
1057 791 1259 875 appellatum,
1273 793 1356 875 quod

240 907 387 970 saltantes
406 906 520 970 calcem
536 912 622 968 retro
643 903 806 968 movebant
827 910 858 966 et
878 903 1072 967 attollebant.
1086 904 1219 988 (Hesych
1231 933 1237 968 :
1250 896 1358 970 ἕκλκκ-

241 1021 356 1098 τισρκός·
387 1026 499 1098 σχῆμα
533 1019 645 1098 χορικὸκ
677 1017 821 1097 ὀρχήσεως
853 1016 993 1081 σύντονον.
1025 1016 1071 1080 (ll.
1096 1017 1175 1083 Poll.
1200 1017 1248 1081 IV
1274 1021 1358 1103 1112.)

240 1129 309 1195 Hoc
332 1131 425 1195 saltat
447 1153 536 1194 senex
560 1129 751 1206 Philocleon,
776 1129 931 1212 simulque
954 1136 1074 1192 motum
1097 1129 1273 1195 describens
1297 1133 1354 1195 sal-

240 1251 373 1308 tatorem
404 1244 634 1327 Phrynicheum
664 1243 746 1326 gallo
777 1243 946 1326 gallinaceo
977 1251 1143 1328 comparat.
1168 1245 1253 1309 Galli
1276 1247 1358 1309 euim

243 1366 275 1422 et
298 1359 432 1442 gallinae
456 1380 545 1442 saepe
568 1358 679 1442 pedem
701 1364 784 1420 retro
809 1363 932 1420 movent
954 1357 1085 1420 humum
1109 1356 1298 1436 effodientes,
1323 1365 1361 1422 ut

243 1495 374 1535 vermes·
391 1477 543 1553 quaerant
573 1470 622 1533 vel
653 1470 753 1534 solum
785 1477 942 1533 excavent.
966 1469 1079 1553 Itaque
1102 1470 1296 1555 Phrynichus
1318 1472 1362 1535 di·

244 1585 326 1647 citur
350 1582 386 1655 dr
416 1608 460 1656 τις
490 1584 619 1663 ἀλέκτωρ
651 1587 780 1667 (comma
804 1584 955 1666 deleatur)
980 1583 1082 1655 σκέλος
1105 1584 1227 1664 οὐράνιον
1251 1587 1360 1670 (ipsam

244 1697 440 1760 saltationem
473 1719 542 1759 cum
572 1697 649 1780 galli
680 1704 767 1760 motu
799 1696 942 1760 consulto
965 1697 1139 1780 confundit)
1163 1698 1361 1778 ἐκλκκτίζεικ;

245 1832 379 1891 cumque
403 1809 517 1872 calcem
543 1808 700 1872 attollenti
724 1832 845 1872 neccsse
868 1810 909 1872 sit
931 1831 1042 1893 corpus
1065 1810 1196 1873 inclinet
1220 1818 1251 1873 ct
1270 1817 1365 1897 caput

245 1922 439 2004 aliquantum
466 1922 621 1998 demittat,
645 1923 683 1984 A.
706 1922 792 1985 addit
816 1924 950 1995 πτήσσει,
971 1922 1055 2004 quod
1074 1923 1112 1985 de
1132 1923 1179 1985 avi
1192 1931 1363 2007 praemetu

246 2059 278 2098 se
302 2034 487 2098 demittente
511 2036 628 2099 dicitur
653 2041 684 2098 et
708 2035 758 2097 hic
781 2042 907 2119 propter
932 2034 968 2107 ὥς
990 2060 1034 2106 τις
1058 2036 1187 2116 ἀλέκτωρ
1205 2039 1365 2122 noninep·

245 2155 314 2210 tum
339 2155 394 2211 cst.
419 2148 490 2212 Non
515 2154 619 2211 tamen
644 2171 766 2211 omnem
789 2149 846 2211 hac
864 2148 1364 2232 interpretationedubitationem

245 2260 397 2323 sublatam
421 2284 486 2324 csse
511 2261 658 2338 conced03
683 2284 730 2323 res
755 2260 852 2342 magis
875 2261 1037 2345 perspicua
1060 2262 1140 2325 foret
1163 2262 1188 2325 si
1210 2269 1366 2327 constaret

246 2395 396 2455 quaenam
416 2373 466 2436 hic
485 2374 626 2463 imitetur
644 2375 698 2436 Ar.
712 2373 805 2436 verba
816 2375 943 2457 tragica.
957 2372 1005 2436 De
1019 2374 1150 2456 singulis
1163 2373 1259 2438 huius
1272 2377 1366 2439 canti·

245 2486 332 2549 lenae
352 2485 490 2549 versibus
508 2509 607 2570 pauca
627 2493 752 2571 tautum
770 2486 921 2549 monenda
933 2493 1007 2549 sunt
1019 2509 1090 2549 cum
1102 2493 1226 2550 taceant
1238 2489 1362 2552 scholia.

293 2601 387 2662 1482.
411 2599 467 2671 Τίς
488 2638 533 2647 -
555 2599 662 2663 dacter.
688 2597 734 2662 01.
762 2599 851 2662 Hom.
877 2599 935 2661 Od.
961 2599 1076 2662 XVIII
1098 2603 1178 2678 239;
1198 2601 1274 2665 Eur.
1289 2603 1360 2666 Hel.

247 2713 322 2789 438,
346 2710 423 2775 Hoc.
450 2713 501 2774 36.

293 2827 388 2888 1484.
414 2823 459 2888 Cf.
485 2826 581 2909 Hipp.
608 2827 681 2902 808,
706 2824 777 2888 Hel.
804 2828 899 2889 1180.

294 2939 388 3000 1489.
413 2935 460 2999 01.
484 2937 560 2999 Eur.
586 2937 693 3021 Suppl.
721 2938 760 2999 72
769 2964 778 3015 ;
804 2938 858 3000 Ar.
882 2937 1005 3000 Thesm.
1031 2941 1104 3001 328.

180 3121 182 3125 ³
293 3051 386 3112 1492.
411 3047 458 3113 Cf.
478 3048 554 3112 Eur.
576 3049 687 3113 Troad.
708 3052 782 3127 325,
802 3050 852 3113 El.
874 3053 955 3128 8603
976 3052 1031 3114 Ar.
1044 3049 1136 3137 Vesp.
1153 3054 1236 3115 1530
1253 3051 1362 3136 (codd.

248 3160 378 3242 οὐράνιον.
403 3161 498 3226 Mein.
525 3161 619 3226 Vind.
643 3186 674 3248 p.
699 3165 750 3242 37,
776 3186 818 3226 vs.
845 3165 947 3226 1492:
972 3164 1103 3243 οὐρκνίκκ
1126 3188 1163 3228 ex
1186 3155 1352 3249 Hesychia)

292 3273 410 3338 Nullus
432 3281 537 3338 tamen
560 3276 718 3339 invenitur
741 3275 828 3338 locus
851 3276 941 3339 cuius
967 3277 1093 3361 parodia
1115 3278 1270 3341 cant-ioum
1293 3278 1364 3341 Phi-

247 3387 396 3451 lcoleonis
418 3388 480 3452 dici
505 3394 616 3473 potest.

250 3625 301 3689 Vs.
329 3616 433 3685 1518.
458 3621 510 3701 ἄγ’
536 3617 556 3686 ὦ
580 3624 787 3702 μεγκλώκυμκ
811 3623 900 3688 τὲκκκ
922 3663 967 3671 -
992 3627 1076 3688 1523
1100 3626 1313 3702 κυκλοσοβεῖτε.

292 3738 334 3801 Et
364 3737 486 3800 numeri
517 3741 548 3799 et
570 3735 662 3799 verba
686 3738 843 3820 perediam
867 3737 1017 3800 indicant.
1042 3736 1122 3800 Cum
1144 3738 1220 3801 τέκν.
1245 3764 1272 3802 τ.
1298 3741 1362 3803 dau.

249 3853 293 3935 (in
322 3851 389 3914 cod.
418 3850 587 3922 θκλκσσίτυ,
612 3850 714 3933 Bergk
739 3851 896 3914 θκλκττίου
923 3853 995 3934 θεοῦ)
1020 3851 1058 3914 01.
1083 3851 1161 3914 Ran.
1187 3855 1249 3914 846
1275 3859 1306 3914 et
1328 3853 1364 3916 1.

249 3963 390 4026 Platonis
422 3962 529 4024 comici
552 3962 585 4024 in
609 3961 710 4025 Sobel.
736 3963 790 4025 Ar.
816 3962 887 4024 Pac.
919 3966 991 4042 792,
1014 3963 1110 4026 Mein.
1135 3963 1223 4047 Hp.
1250 3966 1366 4028 661εό

250 4076 388 4156 Κκρκίντυ
410 4082 483 4147 τκῖς
506 4080 557 4139 τοῦ
582 4075 738 4139 exacerbo
763 4077 856 4158 (θεοῦ).
881 4074 955 4139 001).
982 4075 1062 4140 Nov.
1087 4075 1123 4138 L.
1145 4065 1371 4160 0118110111·

249 4189 340 4252 modo
369 4188 544 4251 emendavit
572 4211 599 4251 v.
631 4187 733 4251 Herw.
765 4189 973 4272 fragmentum
998 4188 1212 4273 Campylionis
1235 4189 1366 4267 Eubuli,

248 4298 347 4363 Mein.
378 4299 431 4363 HI
461 4322 491 4383 p.
524 4301 598 4362 225.
629 4299 681 4373 τήν
709 4301 736 4364 τ’
763 4300 943 4380 εὐτρότωτον
966 4299 1087 4364 baralla
1121 4306 1172 4365 τοῦ
1204 4301 1361 4366 lauanti

249 4412 309 4476 κτὲ.
334 4411 426 4476 Anal.
451 4410 528 4476 crit.
551 4434 581 4502 p.
608 4413 661 4476 30.
