3218 5370
662 587 894 632 Acnunnnnsns

364 764 400 818 Α.
427 753 503 833 άτάρ
527 755 557 816 οὐ
582 754 686 832 λαχὼν
709 751 787 830 ὅμως
812 751 933 832 ἔλαχες,
958 751 991 826 ἢν
1016 757 1077 817 νοῦν
1101 751 1184 832 ἕχρς.

362 878 393 930 Β.
426 871 487 938 πῶς
511 865 543 939 ἢν
565 864 628 953 ἔχω
652 870 731 940 vorm
756 876 792 929 A.
818 864 860 929 ὅτι
883 867 990 946 πονηρῷ
1016 865 1067 929 καί
1092 862 1161 944 ξένῳ

419 979 569 1058 ἐπέλαχες
592 979 680 1058 άνδρί
730 968 743 988 ’

221 1211 274 1275 Vs.
301 1203 382 1272 400.
576 1209 595 1276 ὦ
620 1212 802 1294 τρισμακάρι’
828 1213 977 1294 Εὐριπίδη,

443 1323 488 1388 ὅθ’
514 1327 527 1388 δ
552 1326 651 1393 δοῦλοι
674 1324 777 1388 οὑτωσί
801 1330 901 1406 σοφῶς
926 1326 1116 1406 ὑποκρίνεται.

267 1485 370 1549 Schol.
396 1486 553 1564 διαβάλλει
576 1487 623 1550 τδν
644 1487 803 1567 Εὐριπίδην
824 1485 866 1551 δ’τι
887 1488 991 1559 δεινοὺς
1011 1487 1121 1564 εἰσάγει
1140 1488 1206 1559 τοὺς
1226 1487 1341 1557 δούλους

221 1599 250 1660 ἐν
280 1607 316 1678 τῇ
347 1599 503 1680 τραγῳδία.
537 1577 632 1662 Hunc
654 1600 702 1662 vel
728 1600 879 1663 eiusmodi
902 1601 1004 1664 locum
1028 1600 1195 1685 respexisse
1218 1600 1342 1663 videtur
1368 1635 1372 1641 ·

222 1710 373 1795 Origenes
404 1736 429 1775 c.
461 1711 540 1777 Cels.
573 1711 639 1776 VH
668 1737 698 1799 p.
734 1715 794 1777 720
827 1716 874 1778 ed.
905 1716 944 1778 de
974 1715 1005 1777 la
1035 1714 1113 1794 Rue,
1138 1715 1227 1778 euius
1250 1713 1342 1777 verba

222 1824 341 1888 confert
378 1825 512 1888 Kuster:
553 1826 707 1906 Εὐριπίδης
745 1828 776 1890 δὲ
814 1828 868 1890 ὑπὸ
899 1826 1127 1908 Ἀριστοφάνους
1162 1827 1342 1906 κωμῳδεῖται

222 1940 259 2010 ὥς
283 1939 495 2019 άκαιρορράροων
518 1939 567 2002 διά
590 1941 622 2003 τδ
645 1939 788 2012 πολλάκις
811 1939 1031 2021 περιτεθεικέναι
1051 1938 1154 2016 λίγονς
1174 1938 1341 2018 δογμάτων,

223 2047 259 2114 ὧν
302 2051 362 2115 άπδ
404 2049 605 2132 Ἀναξαγόρου
645 2052 661 2126 ά
703 2077 776 2125 τινος
817 2051 916 2130 ἔμαθε
950 2058 1005 2117 τῶν
1040 2057 1147 2131 οοΦῶν,
1182 2052 1342 2134 βαρβάροις

224 2161 358 2241 γυναιξίν
381 2162 397 2237 ἢ
422 2164 553 2238 οἰκέταις.

268 2276 396 2360 Saepius
419 2278 641 2362 Aristophanes
665 2277 756 2341 verba
779 2279 968 2362 tragicorum
993 2278 1030 2340 ad
1055 2279 1158 2341 iocum
1178 2276 1343 2359 detorquet

223 2412 285 2452 nou
310 2396 346 2452 ut
369 2389 585 2474 reprehendat,
609 2391 662 2454 sed
687 2398 724 2454 ut
745 2391 853 2475 gravia·
874 2391 1055 2475 vulgaribus
1075 2412 1261 2474 componens
1280 2391 1343 2453 ani-

168 2492 171 2499 *
224 2526 288 2566 mos
319 2504 497 2566 auditorum
528 2503 710 2568 oblectetur.
743 2504 803 2568 Hic
834 2513 940 2568 tamen
965 2503 1045 2567 ridet
1069 2510 1106 2566 ut
1128 2503 1341 2587 reprehendat.

224 2615 384 2700 Improbat
412 2618 497 2680 enim
524 2618 707 2702 Euripidem
738 2619 897 2681 interdum
927 2640 1030 2681 servos
1062 2617 1208 2680 inducere
1244 2621 1342 2696 σοφῶς

223 2731 243 2793 i.
268 2754 294 2793 e.
319 2731 531 2816 philosophice
554 2732 727 2814 loquentes.
748 2732 797 2815 (ef.
819 2730 896 2794 Rau.
920 2731 994 2811 949)
1016 2729 1185 2792 Videamus
1206 2751 1245 2790 au
1264 2728 1341 2789 iure.

224 2842 318 2922 Quod
347 2844 514 2928 Euripides
545 2844 577 2907 id
609 2845 683 2907 fecit
712 2867 748 2907 ex
779 2850 865 2927 parte
896 2842 1099 2906 tribuendum
1130 2848 1177 2904 est
1205 2841 1344 2925 opinioni

225 2980 317 3041 quam
355 2958 394 3020 de
424 2959 517 3020 servis
547 2957 666 3038 habuit,
699 2979 841 3040 quaeque
873 2958 900 3019 ci
932 2957 1042 3019 honori
1073 2956 1133 3018 fuit
1165 2975 1343 3038 quanquam

224 3092 285 3133 non
309 3070 352 3133 sic
375 3071 533 3133 videretur
557 3069 769 3154 Aristophani.
794 3069 866 3132 Non
892 3069 974 3132 enim
996 3066 1158 3130 verebatur
1180 3088 1343 3150 agnoscere

225 3204 326 3247 servos
356 3183 481 3245 nomine
510 3189 635 3245 tantum
666 3181 703 3244 ab
734 3181 878 3265 ingenuis
910 3181 1041 3257 differre,
1075 3203 1102 3242 v.
1134 3203 1160 3242 c.
1185 3178 1253 3242 lou.
1280 3181 1341 3242 855

226 3317 303 3379 sqq,
328 3295 399 3358 Hel.
428 3296 489 3358 728
510 3294 586 3378 sqq,
607 3295 644 3359 fr.
668 3298 740 3373 514,
764 3298 837 3374 515,
859 3297 933 3357 828.
954 3293 1014 3357 Sed
1028 3293 1089 3356 alia
1101 3292 1228 3356 accessit
1241 3314 1343 3354 causa.

224 3408 423 3473 Existimavit
445 3409 611 3493 Euripides
634 3409 749 3492 grande
769 3408 891 3471 dicendi
912 3430 1009 3490 genus
1021 3406 1129 3470 decere
1141 3405 1343 3489 tragoediam,

224 3544 325 3605 neque
357 3523 510 3585 variarum
541 3544 751 3606 personarum,
783 3544 859 3604 quas
883 3522 916 3584 in
939 3543 1029 3584 scena
1053 3520 1103 3603 agi
1127 3519 1238 3596 voluit,
1264 3518 1344 3581 sieut

225 3634 387 3720 oportebat
412 3637 560 3699 rationem
583 3635 703 3699 habuit.

269 3748 394 3834 Iuspice
428 3750 558 3814 Medeae
589 3773 633 3814 vs.
667 3753 707 3812 49
739 3749 805 3832 sqq.
841 3756 872 3812 et
907 3748 1014 3812 audies
1047 3770 1167 3811 servum
1200 3747 1345 3809 ancillam

117 3922 125 3935 ,
225 3861 432 3926 salutantem:

462 3976 587 4039 παλαιὸν
611 3973 690 4039 οίκιον
713 3983 817 4052 κτῆμα
841 3974 991 4047 δεσποίνας
1014 3975 1099 4051 ἐμῆς,

225 4143 281 4199 aut
305 4135 421 4199 Alcest.
446 4159 489 4200 vs.
516 4136 576 4201 757
584 4164 593 4215 ;
618 4136 712 4200 babes
734 4159 856 4201 servum
876 4141 1058 4219 querentem
1079 4138 1163 4221 quod
1182 4136 1344 4216 Hercules,

225 4271 296 4312 cum
327 4248 433 4313 dolore
464 4250 593 4313 affectus
624 4250 665 4312 sit
696 4250 850 4326 dominus,
875 4251 907 4312 in
933 4251 1000 4313 eius
1024 4249 1114 4313 domo
1137 4255 1227 4334 potet
1250 4255 1344 4331 atque

224 4360 387 4447 epuletur:
