3218 5370
534 1750 1100 1838 uoounsrnzusuu.
1143 1734 1151 1761 ⁸

256 2313 307 2379 Vs.
336 2308 351 2375 l
378 2336 443 2397 sqq.
473 2311 524 2376 ’Ὦ
549 2315 685 2394 λοιμσρον
710 2314 797 2391 &aaa
820 2319 871 2378 τοῦ
894 2313 1078 2394 τροχυλοέτου
1101 2313 1222 2393 λύχνου,

471 2426 628 2491 κοέλλιστον
652 2428 829 2505 εὐστόχοισιν
854 2424 1050 2506 ἕξουσνμένον,

470 2539 559 2617 γονοές
582 2565 615 2603 τε
637 2540 694 2620 γοὶρ
718 2540 774 2612 σοις
797 2539 848 2604 κοιὶ
872 2539 972 2617 τύχοις
997 2541 1175 2619 δηλώσομεν·
1198 2542 1258 2605 ari.

249 2677 349 2737 usquc
369 2653 408 2715 ad
432 2677 475 2716 vs.
503 2656 553 2718 15.
574 2651 627 2716 Vs.
651 2657 668 2714 2
690 2676 761 2715 cum
781 2652 877 2717 Mein.
896 2660 927 2715 et
939 2652 1041 2716 Herw.
1056 2652 1242 2737 Tragoedias
1256 2675 1366 2717 sermo·

249 2789 321 2830 nem
343 2768 376 2829 in
398 2766 481 2828 hisce
504 2788 595 2828 nemo
618 2788 680 2828 non
704 2766 852 2848 agnoscit.
873 2764 1000 2829 Talibus
1020 2765 1187 2829 ordiuntur
1208 2788 1369 2850 quaepro·

249 2880 347 2942 deunt
374 2879 407 2941 in
439 2901 559 2941 scenam
590 2901 738 2962 personae
762 2884 799 2940 ut
821 2901 849 2942 v.
875 2901 901 2943 c.
930 2878 1097 2958 Menelaus,
1122 2879 1232 2942 Troad.
1259 2881 1321 2942 860
1348 2874 1369 2942 ὦ

250 2991 457 3073 καλλιφεγγὲς
490 2990 568 3062 ἡλίου
593 2990 683 3061 σε’λοις
707 2992 781 3070 τόδε,
806 3013 907 3074 neque
930 2990 1062 3054 dubium
1083 2991 1158 3074 quin
1183 2993 1276 3054 etiam
1301 3014 1369 3055 ver-

251 3128 303 3168 sus
337 3107 353 3166 l
385 3125 450 3186 sqq.
484 3103 601 3166 fuerint
632 3104 765 3166 hominis
798 3127 860 3167 non
884 3103 992 3182 λύχνον
1015 3104 1068 3168 sed
1093 3105 1166 3168 solis
1191 3105 1239 3168 vel
1263 3104 1370 3189 potius

246 3218 340 3281 lunae
364 3214 467 3280 κύκλον
491 3216 688 3300 appellantis.
714 3217 814 3280 Simili
837 3216 928 3280 modo
951 3217 998 3280 τὸν
1022 3216 1131 3296 λύχνον
1159 3217 1298 3301 appellat
1320 3239 1368 3280 co·

249 3329 349 3391 micus
371 3351 542 3412 anonymus
566 3328 663 3391 Mein.
688 3327 736 3390 IV
759 3353 788 3413 p.
816 3331 888 3394 671.
915 3329 1083 3411 Sequentia
1105 3329 1262 3413 perediam
1283 3329 1369 3392 exhi-

247 3440 323 3504 bent
357 3440 556 3525 prologorum
591 3441 779 3523 tragicorum
815 3442 870 3524 qui
900 3440 1096 3525 genealogias
1127 3441 1297 3519 continent,
1330 3439 1369 3503 de

245 3553 361 3638 quibus
385 3548 448 3618 vid'.
473 3554 511 3617 ad
537 3554 614 3617 Ach.
640 3557 693 3620 47.

291 3665 376 3746 Quid
400 3666 429 3731 h.
454 3668 476 3730 l.
501 3689 517 3728 e
540 3667 698 3750 tragoedia
720 3667 860 3730 hauserit
879 3667 944 3743 Ar„
970 3665 1046 3749 quid
1072 3667 1136 3750 ipse
1161 3665 1283 3728 finxerit
1307 3664 1367 3728 dis·

244 3802 368 3843 cernere
392 3781 567 3862 nequimus.
593 3780 692 3843 schol.
717 3803 763 3843 vs,
790 3783 807 3842 l
832 3779 1026 3843 ὑσοττευετοιι
1049 3780 1080 3842 δὲ
1103 3780 1115 3842 ὁ
1140 3777 1252 3856 ἴοιμβος
1276 3776 1292 3851 ἢ
1317 3782 1368 3841 τοῦ

240 3892 410 3970 Ἀγάθωνος
441 3891 457 3966 ἢ
491 3897 542 3956 τοῦ
574 3892 786 3970 Δικοιιογένους,
810 3914 912 3974 neque
936 3891 1012 3954 haec
1037 3892 1215 3956 coniectura
1239 3890 1364 3972 quidem

242 4027 305 4089 quo
336 4005 495 4069 referenda
526 4007 566 4068 sit
600 4012 730 4086 constat,
762 4028 834 4068 cum
863 4027 942 4088 quae
975 4011 1150 4087 sequuntur
1174 4026 1236 4067 non
1259 4003 1298 4065 ad
1320 4027 1364 4068 vs

247 4120 263 4180 1
296 4118 349 4182 sed
382 4118 421 4182 ad
445 4142 492 4182 vs.
520 4121 561 4180 23
585 4119 772 4204 pertineant.
798 4118 884 4198 Quid
907 4117 1043 4180 voluerit
1067 4116 1171 4180 Schol.
1192 4115 1294 4179 verbis
1316 4115 1365 4179 aa

242 4231 297 4302 τοὶς
331 4232 403 4303 κτέ.,
438 4232 513 4313 quid
548 4231 656 4294 fecerit
691 4230 934 4314 Phyromachus,
968 4228 1045 4312 quid
1086 4228 1220 4311 denique
1249 4251 1292 4291 vs.
1326 4228 1366 4288 23

241 4343 396 4428 scripserit
419 4344 485 4423 Ar„
509 4345 613 4407 omnia
635 4342 764 4407 obscura
787 4348 873 4408 sunt.
