3218 5370
318 639 379 700 100
815 655 904 698 0000.

291 822 350 885 πόδ’
382 816 461 898 αἷμα
491 820 677 904 reponentis,
708 826 741 882 at
770 818 836 882 τόδε
858 819 889 880 h.
914 818 934 881 l.
960 841 1022 881 000
1046 825 1155 903 aptum
1181 826 1239 883 est.
1266 820 1412 906 Suspicor

294 934 326 996 τὸ
358 927 437 1009 αἷμα
468 939 521 1005 τῆς
552 933 689 1009 καμήλου
713 932 891 1014 interpretis
914 954 978 993 esse
1001 931 1160 1014 glossema,
1186 933 1270 1015 quod
1295 956 1311 996 e
1336 955 1416 996 mar-

294 1047 365 1130 gine
389 1046 421 1109 in
445 1053 512 1108 text
515 1067 567 1107 um
590 1045 748 1128 irrepserit
766 1050 797 1107 et
816 1045 952 1126 genuina
972 1043 1074 1120 verba,
1095 1066 1229 1127 quorum
1250 1040 1328 1122 αἷμα
1340 1053 1415 1125 erat,

292 1158 456 1243 expulerit.
433 1157 579 1220 t.Schol
606 1158 708 1220 1563·
732 1155 896 1236 Εὐφρόνιος,
921 1158 970 1220 τὸν
993 1159 1109 1233 λαιμόν.
1135 1155 1187 1220 καὶ
1214 1157 1271 1238 γοὶρ
1295 1157 1417 1238 προείρνρ·

296 1295 344 1335 κεν
367 1266 401 1343 ἧς
424 1270 549 1347 λαιμοὺς
572 1270 677 1347 τεμών.
702 1269 726 1332 οἱ
750 1267 835 1346 δὲ’
818 1293 859 1332 οτι
884 1270 916 1333 τὸ
940 1264 1026 1346 αἷμα.

341 1385 448 1447 Anm
472 1383 731 1468 antistropham.
759 1386 843 1445 1691
868 1404 932 1465 sqq.
956 1382 1074 1446 lateant
1061 1382 1220 1466 ttragioa
1243 1382 1335 1447 verba
1357 1332 1415 1447 sub

294 1497 447 1580 πανούργῳ
470 1498 546 1576 γένει
571 1499 789 1562 root-1700
815 1496 927 1559 nescio
953 1496 1099 1580 Suspicor
1121 1501 1225 1559 tamen
1245 1500 1366 1576 Γοργιῶν
1386 1504 1418 1560 01

296 1614 448 1678 Φιλίππων
471 1635 513 1674 vs.
541 1612 623 1674 1701
651 1618 793 1695 parentes
816 1632 880 1673 esse
902 1608 968 1681 τοὺς
987 1609 1130 1689 γεωργοὺς
1149 1608 1276 1686 Σκύθας,
1299 1609 1415 1673 Herod.

295 1726 343 1789 IV
368 1729 418 1806 18,
444 1731 476 1789 et
498 1726 530 1789 τὸ
555 1724 700 1803 Φίλιππον
724 1723 805 1801 γένος
830 1722 1023 1806 Scytharum,
1049 1720 1097 1783 IV
1117 1724 1135 1783 2
1157 1744 1202 1804 sq.
1221 1719 1271 1784 Sic
1284 1720 1417 1784 Thraces

294 1839 433 1921 Φίλιπποι
456 1839 606 1901 dicuntur
628 1837 704 1900 Eur.
731 1840 807 1900 Hec.
833 1841 862 1899 9.
888 1835 989 1898 Schol.
1016 1837 1119 1900 1701:
1144 1838 1193 1898 τοῦ
1218 1835 1248 1898 δὲ
1269 1834 1415 1898 Φιλίππου

295 1952 345 2016 καὶ
368 1954 396 2015 ἕν
420 1958 556 2029 Γεωργοῖς
579 1950 750 2027 μνημονεύει
773 1950 837 2030 Ἀρ.

341 2064 380 2126 10
415 2062 617 2147 sequentibus
652 2085 775 2145 quoque
805 2062 948 2125 nonnihil
978 2063 1114 2125 occurrit
1143 2062 1229 2144 quod
1260 2062 1416 2144 tragicum

296 2175 391 2239 habet
414 2177 621 2238 characterem
646 2182 677 2238 et
700 2175 888 2259 Aeschyleae
912 2174 1042 2238 dictioni
1062 2176 1214 2257 congruit,
1229 2197 1335 2238 versus
1348 2174 1416 2238 dico

299 2289 515 2354 1700-1710
557 2311 690 2371 quorum
723 2311 830 2371 „gana
864 2287 1018 2371 tragische
1053 2287 1203 2370 Messung
1237 2287 1303 2350 und
1337 2290 1417 2350 Aus-

296 2400 549 2480 ,‚drucksweise''
575 2424 636 2464 non
659 2401 809 2485 fugeruut
831 2392 1004 2479 Kockium,¹
1022 2400 1078 2483 qui
1101 2406 1221 2463 tamen:
1246 2400 1354 2476 „ohne
1378 2401 1416 2463 ir-

296 2564 316 2594 ‚,
326 2515 408 2599 gend
431 2514 481 2577 ein
505 2513 696 2576 bestimmtes
718 2511 849 2576 Vorbild
873 2514 906 2576 in
925 2511 980 2576 der
999 2512 1150 2596 Tragtidie
1168 2512 1412 2591 nachzuabmen,

295 2625 435 2705 „erhebt
458 2627 524 2690 sich
546 2627 591 2689 oft
614 2625 667 2689 der
691 2625 856 2689 Komische
880 2626 1049 2689 Ausdruck
1065 2627 1096 2710 je
1116 2626 1196 2689 nach
1217 2626 1285 2690 dem
1307 2625 1416 2690 Inhalt

295 2788 315 2818 „
327 2762 366 2802 00
390 2740 462 2802 echt
484 2739 659 2822 tragischen
683 2738 828 2804 Pathos.’'

342 2852 445 2932 Quam
479 2855 550 2938 apte
584 2853 659 2916 haec
689 2855 802 2931 omnia,
834 2853 959 2938 parodia
991 2861 1128 2938 excepta,
1162 2852 1200 2916 de
1229 2852 1415 2917 Prometheo

280 2965 427 3049 'ignifero
457 2967 600 3050 intellegi
630 2968 779 3052 possunt!
806 2967 957 3030 Videmur
981 2965 1071 3030 nobis
1095 2966 1237 3030 homines
1260 2965 1415 3050 adspicere

298 3084 330 3141 et
351 3079 458 3142 audire
481 3079 653 3144 salutantes
676 3081 800 3144 herotm
823 3103 894 3143 cum
916 3081 988 3163 igue
1012 3080 1323 3164 appropinquantem.

342 3189 420 3254 Cum
456 3194 486 3256 οὐ
517 3194 614 3274 φατὸν
645 3192 741 3271 λέγειν
773 3194 857 3256 1713
881 3199 1040 3278 comparat
1062 3192 1151 3256 Kock
1174 3192 1288 3256 Aesch.
1312 3191 1415 3257 Prom.

299 3306 361 3369 706
385 3307 415 3379 οὐ
438 3304 495 3385 γοὶρ
518 3307 599 3386 ῥητὸν
623 3307 768 3371 αὐδᾶσθαι
792 3305 871 3370 τάδε.

340 3416 394 3480 Vs.
419 3420 504 3482 1715
525 3418 602 3496 οόμο
626 3418 859 3496 δὀἓνοννόμαοπος
883 3419 913 3489 ἕς
938 3417 1028 3494 Saldae
1052 3417 1158 3482 κύκλον
1178 3416 1183 3506 Ι
1202 3425 1303 3499 χωρεῖ.

340 3530 389 3593 310
420 3529 521 3594 Prom.
548 3535 608 3594 115
634 3531 956 3618 appropinquantibus
980 3531 1168 3595 Nereidibus
1192 3530 1413 3594 Prometheus:

294 3643 337 3715 τίς
361 3644 440 3720 tana
462 3644 613 3724 προσέπτα
640 3648 675 3723 μ’
700 3644 861 3726 ἀφεγγής;

339 3755 392 3820 Vs.
418 3757 502 3822 1717
527 3752 611 3822 αὖοαι
635 3759 824 3839 διαψαίρουσι.
852 3757 897 3823 Cf.
922 3757 1025 3822 Prom.
1052 3760 1127 3821 394.

337 3868 480 3952 Denique
489 3877 526 3934 01
537 3877 655 3934 taceam
668 3871 705 3934 de
716 3895 774 3935 vss.
791 3872 1020 3951 1717-1719,
1034 3895 1070 3935 ea
1078 3894 1158 3954 quae
1166 3870 1316 3954 leguntur
1327 3873 1411 3938 1750

514 3979 535 4045 ὦ
557 3983 641 4062 μέγα
665 3982 786 4065 χρύσεον
810 3986 972 4065 οέοπεροπῆς
996 3984 1085 4064 Φοὶος,

516 4093 536 4159 ὦ
561 4099 629 4169 Διὸς
653 4097 802 4177 ἄμβροτον
826 4095 917 4176 ἔγχος
941 4098 1092 4178 πυρφόρον,

295 4229 356 4270 000
381 4215 455 4272 0001
478 4211 603 4291 Avium,
629 4233 709 4294 quae
730 4212 960 4274 matrimonium
978 4210 1167 4275 Peithetacri
1180 4211 1344 4288 celebrant,
1358 4213 1412 4276 sed

294 4320 466 4400 hominum,
492 4325 546 4406 qui
569 4323 715 4389 laudibus
738 4324 871 4387 efferunt
886 4325 990 4408 iguem
1009 4326 1042 4388 in
1062 4324 1248 4389 Prometheo
1265 4324 1408 4407 πνρφόρρ.

326 4433 370 4496 Ut
380 4441 480 4499 totam
491 4437 571 4500 hanc
582 4436 738 4500 absolvam
750 4437 1003 4522 disputationem,
1016 4439 1049 4502 10
1062 4439 1318 4504 unumconforam
1333 4438 1412 4503 alios
