3218 5370
290 653 331 716 92
784 671 870 714 avus.

269 861 305 903 eo
336 838 466 902 fallitur.
490 837 648 921 Nauplius
672 837 753 900 enim
778 837 882 899 nullas
904 837 1111 900 concremavit
1134 860 1236 901 naves.
1261 837 1288 901 Ε
1311 838 1389 922 frag-

268 951 381 1015 mentis
415 951 478 1014 tale
512 951 588 1033 quid
621 949 754 1015 voluisse
785 949 967 1034 Sophoclem
995 972 1087 1013 nemo
1118 950 1223 1013 eliciet
1253 957 1285 1014 et
1307 952 1389 1015 sicut

267 1063 394 1127 aliunde
425 1063 601 1127 luculenter
633 1069 770 1147 apparet,
802 1062 970 1146 Nauplius,
1003 1069 1040 1126 ut
1070 1064 1188 1147 Hygini
1216 1063 1288 1147 (fab,
1313 1066 1388 1146 116)

267 1182 337 1240 utar
367 1174 478 1255 verbis,
510 1182 697 1259 „tamquam
731 1175 884 1238 auxilium
919 1176 958 1239 iis
989 1177 1020 1260 (i.
1054 1199 1080 1240 e.
1116 1176 1242 1259 Danais)
1267 1177 1389 1241 afferret

266 1288 393 1366 „facem
428 1288 589 1352 ardentem
623 1311 659 1352 eo
694 1288 760 1351 loco
787 1288 912 1368 extulit,
944 1311 1006 1371 quo
1035 1311 1109 1352 saxa
1132 1294 1224 1352 acuta
1248 1295 1279 1351 et
1301 1289 1388 1352 locus

266 1401 575 1486 „periculosissimus
609 1402 705 1478 erat,'’
741 1407 777 1463 ut
808 1399 941 1464 Graecos
972 1400 1095 1465 falleret
1123 1407 1155 1465 et
1184 1403 1217 1464 in
1246 1402 1388 1487 scopulos

266 1513 435 1577 adduceret
465 1536 566 1593 naves,
602 1514 641 1576 cf.
673 1513 748 1577 Eur.
783 1513 855 1577 Hel.
883 1516 967 1576 1126
992 1535 1056 1596 sqq.
1081 1513 1194 1597 Itaque
1218 1515 1243 1577 si
1268 1515 1387 1599 aptissi-

266 1649 353 1690 mum
373 1626 468 1690 fuerit
492 1626 550 1690 hoc
574 1627 736 1711 epitheton
759 1625 907 1710 Nauplio,
932 1626 995 1689 fuit
1018 1627 1111 1689 etiam
1134 1626 1329 1704 Prometheo,
1353 1629 1387 1691 in

267 1740 357 1803 cuius
387 1739 534 1802 honorem
567 1738 817 1817 λοομποιόοδρομίοο
838 1737 941 1815 fiebat,
967 1738 1068 1801 Schol.
1093 1737 1172 1801 Rau.
1202 1741 1275 1801 131.
1299 1737 1388 1802 Prae

267 1859 351 1915 terea
382 1851 502 1914 etiamsi
526 1850 692 1914 statuimus
716 1850 776 1913 hoc
799 1873 910 1914 nomen
934 1850 1056 1913 Polluci
1079 1849 1193 1930 deberi,
1214 1851 1294 1914 nihil
1313 1852 1386 1915 inde

266 1964 408 2047 sequitur
440 1962 524 2046 quod
554 1962 641 2025 litem
673 1962 808 2026 dirimat.
833 1960 1016 2025 Tenendum
1040 1963 1122 2024 enim
1145 1968 1191 2025 est
1214 1963 1320 2026 drama
1343 1985 1387 2026 sa·

265 2079 399 2162 tyricum
422 2076 597 2159 antiquitus
620 2075 801 2160 simpliciter
818 2125 837 2152 „
848 2075 1070 2139 Prometheus”
1088 2077 1272 2160 inscriptum
1291 2076 1387 2140 luisse

266 2198 298 2253 et
321 2212 358 2253 ex
381 2212 417 2253 eo
438 2190 520 2272 quod
541 2210 712 2272 cognomen
729 2188 856 2271 aliquod
876 2188 1000 2252 finxerit
1017 2187 1138 2268 Pollux,
1157 2210 1258 2271 neque
1270 2189 1385 2267 drama,

266 2303 350 2385 quod
379 2301 515 2382 Πυρκονὲοο
546 2300 757 2385 appellaverit,
781 2323 886 2363 revera
909 2310 959 2379 Πρ.
985 2300 1126 2382 πυρφόρον
1149 2301 1243 2363 fuisse
1268 2300 1386 2364 efficere

266 2415 350 2494 licet,
382 2436 482 2497 neque
514 2415 562 2478 τὸν
586 2413 728 2494 πυρφόρον
750 2413 845 2477 fuisse
869 2413 951 2476 illud
974 2412 1079 2476 drama
1104 2413 1277 2494 satyricum
1301 2411 1385 2495 quod

266 2529 430 2592 Persarum
453 2528 594 2611 trilogiae
618 2527 760 2590 additum
783 2527 887 2590 fuerit.

311 2644 339 2704 3.
365 2641 485 2721 Quidni
508 2642 606 2724 igitur
628 2640 677 2703 Pr.
704 2640 845 2720 πυρφόρος
869 2640 969 2724 prima
985 2639 1128 2722 trilogiae
1147 2638 1306 2723 tragoedia
1321 2637 1387 2701 fue·

264 2755 329 2818 rit?
352 2754 469 2818 Iterum
495 2754 659 2817 audiamus
685 2753 893 2831 Dindorfium‚
917 2753 1004 2816 Post.
1030 2753 1118 2816 Scen.
1145 2753 1199 2816 Gr.
1219 2752 1278 2816 ud.
1299 2751 1384 2837 Lips.

267 2870 363 2946 1868,
394 2889 423 2951 p.
459 2869 536 2929 ll3:
568 2870 646 2944 „De
676 2890 753 2930 υαοοα
785 2868 942 2929 multorum
965 2867 1106 2948 opinione,
1131 2867 1182 2950 qui
1200 2867 1386 2947 tetralopa'em
1440 2859 1443 2864 ¹

263 3029 283 3058 „
293 2982 494 3044 Prometheum
523 3002 557 3042 ea
588 2980 681 3042 trihus
712 2980 870 3060 tropoediis
900 2979 1042 3060 πυρφόρον,
1076 2979 1221 3058 dissociata,
1254 2977 1383 3057 λυομένῳ

263 3094 375 3175 „(licet
409 3096 442 3155 ia
476 3092 611 3171 δεσμώτῃ
647 3113 693 3153 res
725 3091 891 3154 Promethei
924 3093 968 3154 ilc
998 3099 1181 3171 capessatur
1211 3098 1245 3152 υό
1268 3093 1384 3154 nollem

263 3207 382 3283 „oliam
403 3207 542 3291 schalom
559 3205 752 3287 praecessisse
776 3209 930 3287 appareat)
955 3211 983 3266 et
997 3205 1114 3287 folrado
1133 3203 1265 3286 satyrice
1283 3203 1384 3283 ν’ρυοόυ

263 3320 475 3401 „comoedum
492 3321 650 3403 flacescat
664 3368 670 3381 .
685 3368 692 3382 .
707 3366 715 3380 .
730 3367 760 3381 ..
785 3318 849 3380 dial
872 3317 904 3378 όυ
933 3316 1003 3379 Visa
1024 3317 1170 3397 Sophoclis
1188 3317 1210 3379 l.
1231 3315 1275 3377 l.”
1294 3313 1384 3378 Idem

263 3432 327 3495 fere
356 3431 530 3495 Wecklein.
564 3431 675 3495 Aesch.
708 3429 809 3493 Prona.
844 3432 939 3508 1872,
972 3451 1003 3513 p.
1030 3431 1088 3492 17:
1112 3427 1247 3506 „Allein
1272 3427 1385 3490 einmal

263 3545 417 3623 „enthalt
439 3545 494 3608 der
516 3553 568 3625 Hp.
594 3544 748 3620 δεσμόν-νς
771 3542 862 3606 keine
885 3541 1147 3624 Voraussetzung
1171 3541 1319 3604 vielmehr
1343 3541 1384 3604 ist

263 3657 381 3735 „darin
404 3658 454 3720 die
477 3657 659 3741 Exposition
682 3657 747 3719 rand
766 3655 822 3720 die>
835 3655 1017 3738 Eraahlung
1036 3656 1090 3718 der
1108 3653 1383 3737 vorausliegenden

263 3768 544 3853 „Begebenheiten
575 3791 633 3831 von
664 3769 718 3832 der
750 3769 819 3848 Art,
847 3767 916 3831 dass
940 3769 1008 3830 eine
1032 3767 1284 3850 vorhergehende
1308 3765 1384 3829 Dar·

263 3882 432 3964 „stellung
455 3880 616 3944 desselben
640 3880 890 3964 Begebenheiten
914 3881 959 3943 als
978 3880 1164 3944 tisthetische
1184 3879 1380 3963 Unmdglioh-

262 3994 358 4073 „keit
388 3995 572 4059 erscheint.'’
603 3994 703 4058 Grave
736 3995 795 4058 hoc
826 3994 952 4058 videtur
985 4000 1215 4078 argumentum,
1246 3991 1309 4070 sed,
1335 4015 1383 4055 me

136 4113 138 4117 ’
262 4108 389 4192 quidem
411 4107 523 4186 iudice,
548 4108 646 4191 prima
668 4114 793 4170 tantum
817 4107 917 4191 specie
941 4130 1032 4191 grave
1055 4114 1109 4171 est.

306 4220 339 4283 Si
361 4243 466 4284 revera
489 4219 692 4284 Prometheus
716 4221 839 4283 vinctus
863 4221 897 4283 in
921 4221 1075 4303 colloquio
1100 4242 1171 4282 cum
1191 4217 1382 4281 Nereidibus

262 4339 293 4395 et
315 4332 351 4395 Io
374 4333 534 4396 historiam
558 4334 634 4396 furti
658 4340 819 4411 narrasset,
844 4333 950 4396 statim
970 4333 1169 4396 concederem
1188 4354 1298 4395 vanam
1317 4353 1382 4394 esse
1455 4399 1459 4406 ,

263 4467 357 4528 quarn
387 4467 480 4529 supra
509 4446 676 4509 memorari
699 4443 856 4508 Welcheri
880 4445 918 4509 de
943 4444 1075 4527 πυρφόρῳ
1100 4445 1296 4508 sententiam.
1321 4442 1381 4506 Sed
