3218 5370
319 619 380 680 130
675 638 1031 684 uenenoruoumzusau.

297 809 468 864 contortam
493 826 530 865 ex
553 803 635 866 hisce
659 804 874 868 Andromedae
898 806 1008 890 pannis
1028 828 1175 870 consuere
1196 830 1370 892 possumus,
1385 815 1417 873 et

298 937 369 976 cum
409 916 564 992 λιτομέναν
599 923 631 978 ct
661 918 832 998 φλέγουσαν
863 941 934 982 cum
966 919 1072 995 γοοῖσόέ
1105 944 1145 997 με
1176 922 1264 1004 iungi
1294 923 1416 1007 possint

297 1029 420 1111 (melius
444 1031 536 1091 etiam
559 1031 699 1108 λιτομένα
722 1055 793 1095 cum
816 1031 965 1112 πέπονθα),
992 1054 1053 1094 non
1078 1055 1155 1117 opus
1180 1041 1227 1097 est
1250 1057 1321 1097 cum
1342 1034 1418 1098 Din-

297 1141 393 1204 dorfio
416 1143 564 1226 suspicari
588 1150 659 1206 ante
683 1147 772 1223 Φῶτα
796 1144 916 1226 aliquid
940 1143 1099 1209 excidisse.

343 1255 540 1318 Andromeda
570 1255 670 1320 verbis
699 1260 788 1336 Φῶτα
811 1258 870 1320 κτέ.
896 1262 1015 1342 patrem
1040 1258 1120 1320 dixit
1143 1259 1191 1322 vel
1215 1282 1287 1322 eum
1310 1282 1328 1321 a
1352 1281 1415 1342 quo

285 1367 336 1451 ad
367 1370 527 1454 scopulum
560 1368 686 1451 alligata
718 1376 801 1446 erat3
835 1369 1046 1435 Mnesilochus
1076 1371 1269 1455 Euripidem,
1298 1395 1417 1436 memor

297 1482 451 1544 malorum
482 1504 561 1563 quae
593 1481 630 1544 ab
663 1505 698 1545 eo
731 1505 856 1565 gemens
878 1483 1115 1566 lamentansquc
1140 1508 1249 1570 passus
1273 1493 1348 1564 erat,
1372 1509 1417 1550 vs.

301 1598 363 1656 222
389 1617 465 1677 sqq,
491 1615 582 1676 quam
608 1596 633 1657 si
658 1595 823 1678 relegimus
848 1595 1023 1659 comoediae
1055 1604 1174 1680 partem
1199 1606 1327 1682 apparet
1348 1599 1415 1662 falli

297 1706 498 1783 Eritschium,
521 1707 576 1789 qui
602 1714 636 1768 ut
659 1707 768 1790 probet
790 1709 838 1771 τόν
862 1713 951 1788 φῶτα
976 1707 1120 1792 Scytham
1144 1733 1223 1773 esse:
1242 1710 1419 1787 „Mnesilo-

296 1818 405 1895 „clius
433 1820 558 1882 minime
579 1819 761 1902 Euripidem
785 1828 946 1902 rogaverat
970 1843 1072 1904 neque
1097 1822 1320 1901 obsecraverat,
1342 1825 1419 1887 adeo

297 1939 363 2008 „ut
386 1954 489 2013 nugae
512 1933 589 1995 istae
612 1939 707 2014 atque
731 1932 899 2010 mendacia,
924 1938 1013 2014 Φῶτα
1032 1934 1238 2019 (Euripidem)
1260 1935 1417 2013 λιτομέναν

302 2044 405 2122 „ferri
429 2046 519 2107 nullo
543 2047 634 2109 modo
657 2048 805 2128 queant.”

299 2255 351 2319 Vs.
381 2249 470 2319 1047
496 2278 561 2338 sqq.
598 2257 627 2319 ίόι
652 2256 753 2336 μοίρας
777 2255 906 2333 οίτερκτέ
929 2256 1047 2334 δαῖμον·
1072 2259 1131 2321 κτέ.

344 2371 541 2453 Quamquam
553 2376 635 2432 tacet
647 2370 817 2433 Scholiasta
829 2370 905 2433 haec
918 2372 982 2434 sine
992 2369 1086 2434 dubio
1094 2370 1267 2455 Euripides
1276 2371 1417 2435 habenda

298 2493 382 2549 sunt.
408 2483 458 2547 Ad
483 2487 566 2547 1048
591 2481 732 2546 observat
756 2482 806 2547 Fr.
831 2483 923 2546 verba
945 2484 990 2546 ita
1013 2483 1051 2547 ab
1075 2485 1128 2547 Ar.
1154 2490 1275 2547 mutata
1295 2506 1360 2547 esse
1381 2489 1419 2546 ut

296 2598 390 2682 plane
420 2598 574 2660 contraria
603 2597 746 2659 evaderet
770 2598 933 2660 sententia.
959 2596 1188 2661 Andromedam
1212 2597 1415 2660 exclamasse:

296 2713 340 2784 τίς
364 2712 433 2789 ἐμόν
458 2705 504 2775 οὖν
527 2711 670 2790 ἐπόψεται
693 2711 752 2774 κτέ.
778 2711 825 2773 Ex
848 2712 929 2792 παρόν
953 2712 1121 2792 προσδοκίαν
1146 2711 1251 2773 addito
1275 2713 1323 2774 τόν
1343 2709 1418 2788 βοέο-

298 2825 386 2906 βαρον
416 2850 458 2889 νε.
489 2828 572 2888 1051
597 2823 774 2909 (Euripides
797 2824 924 2889 fortasse
948 2825 1003 2889 σόον
1027 2824 1165 2904 δύσμορον
1189 2824 1230 2887 Ν.
1255 2824 1304 2887 vel
1327 2822 1415 2901 ποίμ-

298 2963 382 3019 μορον
412 2938 474 3022 Fr.)
506 2937 666 3022 probabile
694 2938 729 3000 fit
760 2935 813 3001 ε’ίόε
841 2962 947 3015 με-
970 2936 1124 3013 ἐξολέσειεν
1147 2937 1214 3022 ipsa
1237 2961 1301 3001 esse
1326 2936 1417 3000 Euri-

291 3052 378 3140 pidis
402 3049 502 3114 verba.

344 3163 483 3228 Obscura
513 3170 587 3227 sunt
615 3186 694 3246 quae
726 3164 758 3227 in
790 3164 851 3226 fine
875 3164 968 3226 huius
993 3164 1155 3226 monodiae
1177 3163 1328 3246 leguntur
1350 3177 1417 3226 λαι-
1507 3216 1510 3222 ι

297 3277 443 3354 μοτόμντ’
478 3314 523 3323 -
556 3277 675 3357 πορείαν.
710 3275 867 3340 Fritsche:
897 3274 1082 3353 λαιμότμητ’
1114 3274 1178 3353 rixa
1211 3275 1333 3352 δαιμόνι’
1358 3275 1418 3340 αι’ό-

294 3405 351 3453 λαν
372 3387 376 3478 Ι
397 3389 506 3452 νέκυσιν
537 3387 584 3452 έπι
615 3389 738 3469 πορείαν,
771 3391 875 3451 itaut
899 3388 963 3467 όχν
988 3397 1020 3452 et
1043 3389 1154 3469 πορείαν
1178 3389 1330 3472 appositio
1354 3388 1418 3451 sint

298 3503 511 3587 praecedentis
535 3505 571 3574 ὠς
594 3502 781 3582 έκρεμοίσίκν,

335 3615 424 3694 Quae
448 3615 587 3697 legitima
611 3620 693 3678 certe
713 3622 760 3678 est
783 3615 985 3691 constructio,
1006 3615 1044 3677 cl.
1063 3614 1138 3676 Eur.
1161 3615 1259 3677 Andr.
1276 3617 1350 3678 292.
1368 3615 1415 3679 El.

290 3731 371 3806 231;
410 3729 466 3791 sed
497 3750 574 3791 num
606 3728 703 3808 πορεία
734 3727 783 3792 ἐπί
809 3727 919 3791 νέκυσιν
942 3728 972 3789 h.
999 3727 1020 3789 l.
1047 3727 1201 3791 Graecum
1225 3729 1266 3790 sit
1289 3726 1410 3792 dubito.

293 3841 393 3904 Affert
430 3841 571 3904 Eritsche
600 3840 728 3918 οίποίνειν
759 3841 812 3913 τὴν
844 3839 893 3903 ἐπὶ
925 3841 1047 3920 όοονοίτῳ,
1079 3839 1164 3923 quod
1195 3847 1301 3903 tamen
1324 3863 1414 3924 argu·

294 3963 401 4018 mento
426 3978 490 4018 esse
514 3955 624 4037 nequit
632 3982 640 4031 ;
666 3954 788 4026 ίοίνοιτος
813 3954 896 4017 enim
919 3976 982 4016 non
1005 3953 1091 4016 locus
1116 3961 1163 4017 est
1187 3975 1249 4036 quo
1272 3954 1343 4036 quis
1368 3953 1417 4041 ab·
1487 4027 1489 4031 ¹

297 4069 435 4147 ducitur,
467 4075 500 4131 et
529 4067 578 4131 ἐπὶ
609 4067 722 4163 ίανρίτιρ
755 4068 855 4131 valet:
880 4075 914 4130 ut
937 4068 1090 4146 moriatur,
1114 4089 1143 4129 v.
1168 4089 1193 4130 c.
1215 4066 1294 4130 Xen.
1317 4066 1417 4130 Anab.

291 4181 309 4243 I
346 4185 377 4259 6,
412 4184 470 4244 1οι
503 4180 612 4257 ἔλαβον
647 4189 700 4255 τῆς
723 4180 815 4260 ζώνης
839 4182 887 4244 τόν
910 4179 1052 4260 Ὀρόνταν
1075 4178 1124 4243 ἐπὶ
1149 4177 1273 4260 όανοίτιρ,
1299 4179 1415 4242 Herod.

289 4293 338 4357 IX
368 4295 428 4357 37:
454 4293 560 4367 έδνσαν
585 4293 634 4357 ἐπί
659 4293 782 4375 όανοίτρ,
806 4293 861 4356 ΙΙΙ
886 4297 969 4357 119:
995 4291 1079 4366 ἔδησε
1098 4292 1151 4365 τίνι
1174 4292 1224 4356 ἐπὶ
1249 4292 1371 4373 όανοίτῳ.

336 4405 436 4471 Locos
460 4407 575 4490 quibus
598 4405 750 4492 probetur
773 4405 823 4470 ἐπὶ
848 4406 958 4471 νέκυσιν
981 4405 1052 4486 „ad
1071 4404 1204 4470 inferos’'
1224 4406 1325 4470 valere
1342 4405 1419 4468 frus·
