3218 5370
664 645 1015 688 ruusuorfloalazusarr.

478 809 579 888 μακροὶ
602 809 658 888 γὰρ
683 810 771 888 ἰσχὺς
794 815 910 887 μᾶλλον
934 810 1055 883 οὶρσὲνονν
1079 810 1158 888 μένει

478 920 577 993 δήλεια
601 921 626 983 δ’
652 918 712 996 ἥβη
737 923 841 984 θοῖσσον
864 921 988 984 ἐκλείπει
1012 920 1115 998 δέμας.

324 1031 370 1094 De
394 1031 476 1094 hisce
500 1031 655 1115 Wagner:
680 1034 778 1108 „Hoc
801 1032 883 1095 enim
904 1032 981 1095 dicit
1001 1033 1184 1117 Euripides:
1205 1033 1399 1098 malumesse

278 1144 449 1222 „iuvenem
473 1143 595 1228 puellae
618 1145 748 1207 iuvenili
772 1146 803 1227 (i.
829 1169 855 1208 e.
881 1144 1014 1228 aequali)
1035 1146 1232 1209 matrimonio
1253 1148 1381 1230 iungere
1389 1174 1398 1225 ;

278 1279 436 1335 „uxorem
471 1257 552 1319 enim
584 1280 703 1341 semper
735 1264 811 1320 natu
841 1257 991 1321 minorem
1021 1259 1152 1340 coniuge
1183 1281 1246 1321 esse
1277 1258 1398 1337 debere,

278 1368 387 1447 „cet”
418 1368 566 1432 Libenter
595 1371 738 1448 concedo,
770 1371 795 1432 si
826 1370 889 1433 tale
915 1371 990 1452 quid
1013 1370 1141 1433 dixisset
1165 1377 1265 1454 poeta,
1289 1371 1399 1436 allatos

279 1503 384 1544 versus
418 1481 565 1565 explicari
595 1504 699 1565 posse;
734 1491 767 1543 at
798 1505 860 1545 non
890 1480 979 1558 dixit,
1005 1490 1037 1544 et
1060 1482 1086 1544 si
1110 1484 1179 1564 quis
1203 1505 1327 1546 monere
1350 1507 1400 1547 vo-

279 1593 407 1656 luisset:
437 1616 500 1656 non
531 1600 654 1678 oportet
684 1595 830 1657 maritum
860 1601 891 1656 ct
914 1578 1040 1657 uxorem
1065 1595 1209 1677 aequales
1232 1619 1306 1673 esse,
1330 1596 1400 1660 aliis

280 1708 345 1770 sinc
368 1706 463 1770 dubio
486 1729 561 1770 usus
585 1714 664 1770 esset
688 1707 798 1771 verbis.
823 1708 870 1771 Ex
894 1708 932 1770 iis
955 1729 1034 1790 quae
1054 1730 1140 1770 nunc
1159 1707 1309 1790 leguntur
1320 1708 1401 1772 nihil

280 1818 367 1882 aliud
402 1818 511 1882 elicere
546 1842 711 1903 possumus
741 1842 851 1902 quam:
883 1842 944 1882 non
979 1826 1101 1903 oportet
1125 1820 1256 1883 iuvenili
1278 1820 1400 1904 puellae

279 1930 424 1994 iuvenem
448 1931 645 1993 matrimonio
667 1931 808 2013 iungere.¹

325 2042 483 2106 Videntur
507 2044 585 2106 mihi
609 2044 672 2106 duo
695 2043 866 2127 fragmenta
890 2043 1039 2107 coaluisse
1063 2045 1107 2106 ita
1131 2052 1168 2107 ut
1191 2044 1321 2112 alterius
1344 2046 1402 2108 ini-

282 2156 362 2219 tium
397 2157 532 2240 perierit.
569 2155 692 2220 Primus
726 2179 840 2232 versus,
873 2157 984 2218 leviter
1014 2164 1139 2219 tantum
1172 2158 1359 2220 immutatus
1383 2180 1400 2220 a

282 2268 440 2333 Clemente
465 2269 527 2346 Al„
550 2269 625 2332 Eur.
645 2269 681 2331 fr.
704 2272 777 2348 906,
797 2269 923 2332 affertur
943 2269 1066 2333 duobus
1087 2270 1155 2334 aliis
1176 2271 1359 2334 coniunctus
1384 2294 1401 2332 a

285 2381 399 2464 quibus
422 2404 519 2465 aeque
542 2382 662 2445 alienus
685 2388 740 2444 est.

282 2604 337 2668 Vs.
361 2598 442 2665 414.
479 2597 543 2666 εἶτα
567 2603 615 2666 δια
638 2608 737 2666 τοῦτον
759 2609 827 2675 ταῖς
851 2603 1077 2680 γυναικωνίτισιν

481 2716 659 2795 σφραγῖδας
682 2714 892 2790 ἐπιβάλλουσιν
917 2714 969 2788 ἤδη
994 2715 1044 2778 καὶ
1069 2717 1202 2796 μοχλοὺς

482 2833 632 2908 τηροῦντες
655 2828 736 2904 ἡμᾶς
759 2829 819 2891 κτὲ.

327 2941 406 3004 Cum
441 2941 498 3003 hoc
532 2962 656 3023 quoque
688 2941 834 3025 Euripidi
869 2941 992 3005 crimini
1028 2941 1129 3019 detur,
1167 2948 1238 3025 apte
1270 2943 1401 3005 coniecit

282 3055 420 3119 Fritsrhe
452 3055 640 3137 tragoediam
671 3053 799 3117 Danaen
819 3056 916 3138 tangi,
942 3055 979 3117 ad
1004 3077 1126 3118 carmen
1149 3055 1273 3118 Horatii
1297 3078 1403 3140 provo-

283 3191 366 3244 cans,
392 3167 447 3230 ubi
468 3167 559 3229 etiam
580 3167 733 3249 „vigilum
752 3189 864 3230 canum
882 3169 985 3230 tristes
1012 3165 1178 3230 excubiae*
1194 3168 1402 3249 (Μολοττικοὺς

282 3280 418 3361 τρέφουσι
441 3280 541 3364 κύνας)
566 3286 787 3343 memorantur.
812 3281 931 3343 Similia
955 3287 1123 3344 occurrunt
1142 3278 1233 3343 verba
1253 3280 1401 3345 Androm.

284 3397 358 3457 951.
383 3394 409 3457 E
428 3392 528 3456 verbis
548 3393 766 3477 Aristophanis
786 3395 913 3457 minime
931 3394 1073 3477 sequitur
1092 3393 1275 3477 Euripidem
1287 3394 1403 3458 alicubi
1453 3387 1458 3392 ’

281 3506 376 3568 talem
400 3505 571 3568 custodiam
595 3504 748 3588 probasse.
770 3503 966 3568 Contrarium
988 3506 1077 3569 docet
1097 3506 1305 3589 fragmentum
1319 3506 1402 3589 quod

283 3617 488 3701 Euripideum
512 3617 636 3680 videtur
661 3616 748 3700 (Cob.
772 3618 813 3681 N.
837 3617 874 3680 L.
900 3640 930 3702 p.
955 3619 1007 3701 46)
1031 3616 1073 3680 N.
1097 3618 1133 3680 fr.
1159 3619 1208 3681 ad.
1230 3617 1403 3690 naamam

281 3730 312 3793 δὲ
346 3728 472 3808 αόχλοις
507 3728 558 3792 καὶ
588 3730 636 3793 aa
658 3730 896 3811 σφραγισματων
917 3728 921 3818 1
942 3729 1025 3810 σώζει
1048 3729 1200 3810 δοὶμαρτα,
1226 3731 1294 3810 δρῖον
1313 3755 1340 3794 τι
1365 3731 1399 3802 δίρ

282 3842 369 3906 δοκῶν
393 3844 493 3922 σοφὸν,
515 3841 519 3930 Ι
540 3842 667 3919 ματαιός
692 3846 753 3907 ἐστι
776 3842 827 3908 καὶ
851 3848 958 3925 φρονῶν
981 3844 1060 3907 οὐδὲν
1083 3849 1190 3924 φρονεῖ.
1212 3843 1253 3906 Ν.
1269 3844 1401 3923 διασφα-

281 3953 415 4031 λι’σμασι.
448 3956 492 4016 At
523 3962 593 4039 post
625 3957 751 4034 αόχλοις
783 3956 952 4038 requiritur
983 3956 1060 4018 certi
1090 3955 1251 4019 cuiusdam
1283 3954 1402 4018 vinculi

280 4087 393 4129 nomen
418 4073 455 4129 ut
478 4067 709 4146 σφραγίσροατα.

280 4286 334 4351 Vs.
359 4280 441 4347 455,
479 4284 567 4366 ἄγρια
591 4287 648 4367 γαρ
672 4287 763 4366 ἡμᾶς,
788 4282 809 4349 ὦ
832 4295 977 4364 γυναῖκες,
1004 4288 1056 4368 δρᾷ
1080 4287 1170 4352 κακα.

324 4399 444 4482 Enger:
476 4397 639 4475 „Ridetur
666 4397 833 4482 Euripides
855 4399 910 4482 qui
934 4400 968 4463 in
991 4398 1157 4464 Phoenicis
1181 4401 1288 4484 fragm.
1313 4401 1402 4485 (805)
