3218 5370
665 552 899 619 lenaeuuusus.
1276 559 1316 619 25

269 741 342 803 887.
369 788 464 802 .....
490 740 595 817 δμῶες,
619 741 703 821 quod
726 741 759 803 in
784 743 838 804 Ar.
862 764 924 804 non
947 742 1007 804 nisi
1031 742 1110 804 Ach.
1135 745 1218 804 1174
1238 765 1342 805 occur·

224 851 276 926 rit,
301 852 333 914 in
356 852 599 937 paratragoedia.
663 854 665 858 ’

270 968 343 1028 891.
368 966 537 1045 προσείπατ’
561 966 664 1040 αὐτὴν,
689 962 710 1028 ὦ
732 966 822 1030 τέκν’.

272 1077 436 1160 Loquendi
461 1101 559 1162 genus
578 1081 741 1163 tragicum,
760 1103 824 1142 non
842 1080 978 1163 aliquem
997 1087 1076 1164 trag.
1089 1081 1190 1144 locum
1203 1083 1343 1144 imitatus

224 1215 287 1255 esse
319 1192 458 1270 videtum
490 1216 533 1255 ve.
567 1195 629 1256 893
662 1194 761 1257 verbis
791 1195 867 1256 Eur.
902 1195 970 1257 Alc.
1004 1196 1065 1259 367
1092 1195 1203 1272 utitur,
1228 1193 1342 1277 quibus

224 1303 377 1368 Admetus
401 1304 579 1368 fidissimam
602 1329 728 1369 uxorem
752 1307 940 1390 alloquitur:

711 1420 787 1496 μηδὲ
810 1420 866 1499 γαρ
888 1419 986 1484 θανόν
1010 1445 1081 1484 ποτε

445 1535 496 1592 σοῦ
520 1529 611 1609 χωρίς
634 1529 692 1602 είκν
715 1538 768 1603 τῆς
793 1531 883 1608 μόνης
906 1540 1012 1605 πιστῆς
1034 1534 1108 1610 ἐμοί,

223 1639 363 1724 pulchris
402 1643 539 1724 profecto
577 1643 631 1706 sed
670 1643 702 1705 in
741 1644 809 1707 Alc.
848 1644 972 1727 ineptis,
1004 1646 1119 1729 quippe
1148 1645 1293 1729 profectis
1324 1669 1341 1706 a

224 1753 289 1814 viro
318 1753 374 1834 qui
397 1754 533 1837 prudens
556 1755 726 1836 volensque
751 1777 877 1818 uxorem
901 1757 994 1819 morti
1017 1731 1113 1819 obicit
1135 1762 1172 1818 ut
1194 1755 1253 1819 sibi
1277 1779 1342 1840 par-

225 1870 322 1928 catur.
360 1868 404 1928 At
440 1867 494 1928 Ar.
527 1881 589 1929 nc'n
618 1875 655 1929 ut
687 1867 893 1952 reprehendat
924 1870 1047 1948 παρῳδεῖ
1077 1869 1130 1931 sed
1162 1876 1199 1931 ut
1223 1866 1342 1932 animos

223 1978 403 2041 auditorum
427 1980 569 2043 delectet.

224 2201 278 2266 Vs.
304 2196 384 2264 965.
411 2205 423 2266 ό
448 2204 543 2275 δεινός,
570 2204 582 2265 ό
606 2204 784 2284 ταλαόρννος,
808 2203 838 2275 ὃς
861 2204 914 2276 τὴν
938 2207 1063 2285 Γοργόνα

407 2314 525 2384 ποίλλεν,
549 2316 707 2394 κραδαίνων
731 2323 807 2395 τρεῖς
831 2317 1007 2388 κατασκίους
1030 2317 1158 2401 λόφους.ι

268 2427 371 2491 Verba
402 2453 442 2508 τρ.
469 2452 535 2491 κατ.
562 2427 622 2509 λόφ
648 2429 742 2491 ctiam
767 2430 877 2493 Aesch.
902 2428 985 2514 Sept.
1013 2432 1076 2493 384
1099 2430 1259 2513 leguntur,
1286 2431 1340 2494 ubi

222 2541 346 2625 Tydeus
379 2540 494 2604 dicitur
525 2548 601 2620 τρεῖς
634 2542 809 2613 κατασκίους
834 2543 942 2622 λόφους
965 2543 1056 2614 σείειν,
1081 2564 1214 2624 quorum
1237 2544 1341 2605 memi-

222 2656 304 2718 nisse
328 2656 450 2718 videtur
475 2657 540 2732 Ar„
565 2655 620 2719 hos
644 2677 748 2718 versus
772 2680 788 2718 e
810 2639 935 2739 tragicis
958 2662 989 2718 et
1012 2656 1105 2739 epicis
1128 2655 1340 2719 locutionibus

223 2788 384 2830 consuens.
414 2765 559 2838 Ceterum
583 2776 657 2848 τρεῖς
681 2769 790 2849 λόφους
813 2768 892 2848 ἔχειν
916 2771 947 2833 in
972 2770 1167 2854 proverbium
1193 2769 1279 2848 abiit,
1304 2777 1341 2833 ut

223 2887 352 2964 apparet
377 2880 448 2943 Pae.
475 2884 569 2960 1173,
596 2883 653 2944 Αν.
679 2885 730 2944 94.

223 3090 276 3156 Vs.
305 3084 396 3155 1071
430 3114 495 3175 sqq.
520 3091 740 3177 Dicaeopclide
771 3093 877 3177 epulas
906 3100 1032 3177 parante
1066 3096 1200 3157 accurrit
1230 3118 1340 3179 praece

223 3204 412 3268 exclamans:

458 3319 487 3380 ίὼ
512 3318 587 3381 πόνον
612 3343 644 3380 τε
669 3318 721 3381 καί
746 3318 849 3397 μόχαν
873 3319 924 3382 καί
947 3319 1106 3398 Λοίμαχον,

222 3429 336 3512 quibus
360 3431 524 3514 respondet
546 3429 733 3493 Lamachus:

432 3544 475 3615 τίς
498 3543 585 3624 οῖροφῖ
608 3545 836 3624 χαλκοφάλαρα
859 3545 987 3621 δώματα
1011 3553 1133 3619 κτυπεῖ;

221 3657 326 3740 gravia
356 3654 457 3735 verba,
489 3655 603 3739 quibus
634 3658 815 3740 gravitatem
846 3663 877 3719 et
908 3658 1167 3741 magnificentiam
1191 3657 1338 3721 Lamachi

173 3808 177 3815 -
221 3767 357 3832 ludibrio
379 3767 473 3832 habet
497 3775 597 3852 poeta.
622 3769 670 3831 Ad
695 3793 737 3832 vs.
764 3771 848 3832 1072
874 3770 1026 3834 Mueller:
1051 3772 1146 3847 „sine
1165 3771 1261 3833 dubio
1280 3778 1339 3833 tra-

221 3881 282 3964 gici
308 3881 479 3960 cuiusdam,
502 3882 629 3944 fortasse
653 3882 843 3966 Euripidis.”
868 3882 956 3946 Idem
981 3883 1206 3946 observandum
1230 3891 1276 3946 est
1300 3884 1338 3947 de

220 4016 263 4056 vs.
290 3996 374 4057 1078
385 4019 394 4069 ς

486 4108 515 4169 ie
540 4106 699 4187 στρατηγοί
722 4107 849 4179 πλείονες
873 4107 889 4180 ἢ
915 4108 1070 4184 βελτίονες,

220 4240 313 4300 quem
347 4216 477 4301 Bentley
506 4219 578 4301 (vid.
611 4218 702 4282 Ribb.
735 4243 761 4280 a.
793 4221 824 4281 h.
854 4220 887 4303 l.)
912 4244 927 4283 e
951 4220 1088 4305 Telepho
1108 4228 1250 4284 sumtum
1274 4245 1338 4284 esse

220 4331 395 4414 suspicatur
420 4331 537 4401 πλέονες
560 4332 683 4414 legeus;
708 4339 739 4394 ct
763 4333 800 4395 dc
823 4356 865 4394 vs
894 4337 994 4395 nel:
