3218 5370
564 1618 972 1708 EPIMETRUM
998 1623 1032 1704 l.

454 2123 657 2208 Arnumonta
680 2122 929 2208 tradendarum
956 2122 987 2191 in
1014 2122 1149 2209 Hyuino.

702 2235 775 2318 (vid.
800 2257 830 2318 p.
856 2237 896 2317 8).

287 2455 482 2519 Novissimus
516 2455 693 2519 fabularum
729 2455 846 2541 Hygini
882 2457 992 2533 editor,
1028 2457 1073 2520 M.
1105 2456 1254 2537 Schmidt,
1287 2459 1362 2522 haec

240 2555 347 2619 scribit
379 2579 408 2641 p.
442 2555 518 2619 XL:
549 2557 718 2634 „extitisse
745 2580 820 2620 aevo
845 2556 988 2620 Dosithci
1011 2558 1202 2641 temporibus
1225 2581 1288 2621 non
1311 2560 1362 2622 ad·

241 2656 397 2733 „modum
426 2658 602 2739 antiquiore
625 2658 726 2720 virum
751 2658 878 2720 doctum
902 2658 1049 2740 aliquem,
1074 2659 1127 2740 qui
1152 2658 1270 2742 Hygini
1294 2682 1362 2722 nar-

241 2804 260 2834 „
269 2757 421 2820 rationem
453 2757 692 2841 locupletiorem
716 2780 845 2840 eamque
869 2759 1080 2820 continentem
1107 2766 1138 2822 et
1162 2760 1361 2823 indiscretam

240 2879 331 2934 „non
358 2857 457 2921 solum
482 2859 515 2920 in
539 2857 663 2920 brevius
686 2864 818 2941 cogeret,
844 2859 897 2921 sed
921 2859 1016 2920 etiam
1039 2882 1093 2942 per
1117 2860 1255 2923 membra
1278 2884 1362 2945 sepa·

240 2964 369 3035 „ratam
392 2959 502 3022 misere
526 2959 712 3022 concideret.
736 2982 798 3042 quo
818 2960 851 3021 in
870 2960 997 3042 negotio
1015 2982 1085 3022 cum
1107 2961 1216 3024 sedulo
1229 2969 1361 3040 caveret,

241 3080 311 3135 „nc
336 3058 531 3141 singulorum
555 3057 763 3121 membrorum
787 3081 931 3122 mensura
954 3066 1209 3142 argumentorum
1233 3062 1363 3145 tragico·

241 3181 342 3236 „rum
364 3159 457 3221 finem
480 3159 671 3241 modumque
695 3159 852 3235 transiret,
877 3165 971 3241 atquc
989 3161 1066 3222 adeo
1086 3161 1224 3243 singulas
1243 3161 1364 3226 fabulas

241 3259 449 3336 „nominibus
484 3283 500 3322 e
531 3259 692 3342 tragoedia
721 3260 829 3343 petitis
857 3259 1047 3332 inscriberet,
1076 3263 1172 3324 creuit
1198 3270 1233 3325 ut
1256 3265 1364 3326 erroris

242 3364 423 3438 „admodum
453 3361 575 3424 ridiculi
602 3383 711 3440 pareus
735 3363 834 3444 fieret.
866 3382 964 3441 nempe
978 3363 1124 3444 fueruat,
1150 3385 1240 3445 ecque
1263 3365 1364 3426 elium·

242 3483 351 3539 „uuuc
375 3466 488 3537 ulerunt,
513 3462 564 3544 qui
587 3461 703 3544 Hypiui
725 3461 857 3541 opusculi
878 3468 993 3541 purtem
1014 3463 1097 3524 duud
1115 3463 1247 3543 cuiquam
1269 3485 1284 3524 e
1303 3471 1365 3526 tru-

242 3563 402 3643 „picurum
431 3563 606 3640 fabularum
636 3562 816 3641 urpuurcutir
849 3583 909 3622 erre
941 3563 1099 3643 conflatum
1130 3563 1253 3626 ariolutd
1284 3572 1365 3642 suut,

153 3686 155 3688 ’
243 3661 410 3745 „opinioni
445 3683 519 3724 suae
555 3661 657 3744 ipsum
688 3661 790 3724 favere
820 3661 982 3744 Hyginum
1014 3661 1166 3740 arbitrati,
1199 3686 1224 3726 c.
1256 3663 1309 3726 Ill
1334 3671 1366 3727 et

243 3761 357 3840 „Vlll
380 3762 418 3824 ad
443 3761 575 3825 Inonem
598 3761 828 3845 Antiopamque
848 3759 1032 3845 Euripideas
1052 3770 1281 3846 provocantem.
1304 3786 1365 3846 qua

243 3862 310 3941 „in
341 3884 374 3924 re
405 3861 517 3924 accidit
548 3861 596 3940 iis,
622 3869 659 3923 ut
682 3868 777 3924 testes
802 3860 984 3924 adhiberent
1008 3863 1046 3925 ad
1070 3862 1129 3925 hoc
1152 3864 1254 3948 ipsum
1281 3864 1365 3946 quod

243 4012 263 4040 „
275 3961 404 4047 probare
427 3962 553 4039 vellent,
579 3961 783 4025 refellendum
805 3961 1146 4040 accommodatissimus,
1160 3986 1229 4026 curn
1244 3987 1305 4026 nou
1319 3965 1364 4027 in·

244 4062 478 4140 „tellcxissent
510 4070 681 4144 utrumque
713 4069 816 4145 caput,
850 4063 898 4124 vel
922 4068 1048 4146 propter
1071 4064 1136 4126 stili
1160 4064 1366 4130 differentiam

246 4163 401 4246 „Hygino
429 4162 602 4225 abiudicari
634 4163 912 4246 interpolatorique
943 4162 1074 4225 attribui
1098 4164 1219 4242 debere,
1245 4173 1277 4228 at
1299 4181 1363 4229 'non

242 4270 362 4342 „vacat
385 4263 444 4326 hoc
467 4263 593 4346 longius
617 4263 792 4346 prosequi.'’
824 4261 856 4324 Si
879 4270 984 4325 autem
1008 4285 1078 4325 cum
1101 4264 1184 4328 hisce
1207 4268 1362 4350 componi-

243 4387 313 4428 mus
344 4386 423 4447 quae
450 4364 485 4427 in
512 4363 647 4427 editione
675 4386 731 4426 sua
753 4363 923 4442 annotavit,
947 4370 1075 4448 apparet
1098 4365 1271 4430 Schmidtio
1298 4390 1368 4451 per-
