3218 5370
293 609 354 672 178
769 628 886 671 arura.

268 793 461 876 „repellitur
493 817 529 857 ex
562 794 661 878 ipsius
684 793 851 877 tragoediis
874 794 991 878 petitis,
1016 801 1053 856 ut
1076 792 1191 857 inscius
1215 799 1246 856 et
1271 794 1391 857 invitus

205 914 208 921 ’
269 906 472 983 „adversario
505 907 537 968 in
573 928 699 968 manum
734 905 854 968 dederit
888 905 1027 989 gladium
1063 926 1125 986 quo
1159 904 1391 988 iugularctur.'’

268 1015 417 1082 Taeuber.

270 1268 323 1331 Vs.
349 1260 454 1329 1475.
490 1267 520 1330 πί
541 1266 566 1330 δ’
595 1268 726 1346 οοῖοχρδν,
751 1265 784 1339 ἣν
809 1266 852 1344 μὴ
876 1273 937 1337 τοῖς
961 1263 1108 1342 θεωμένοις
1133 1266 1219 1344 δοκῇς

315 1381 418 1443 Selrol.
443 1380 524 1460 ποοροῖ
547 1380 588 1442 ποῖ
611 1377 643 1452 ἐξ
666 1380 770 1443 Αἰόλον
795 1379 950 1459 Εὐριπίδου

491 1504 521 1568 πῖ
542 1505 567 1567 δ’
592 1504 723 1584 οιῖοχρδν,
747 1503 780 1577 ἢν
804 1504 846 1581 μὶν
869 1511 943 1568 ποῖοι
965 1502 1125 1583 χρωμένοις
1149 1503 1234 1583 δοκῇ;

312 1619 407 1681 Recte
439 1617 593 1681 Eritsclrc:
624 1616 714 1694 „Vix
746 1616 891 1680 dubitare
922 1617 995 1680 licet
1018 1617 1095 1698 quin
1119 1622 1251 1698 uterque
1279 1638 1384 1678 versus

266 1782 286 1810 „
295 1733 393 1816 (1471
416 1738 448 1794 et
471 1733 567 1814 1475)
591 1754 628 1794 err
651 1731 812 1814 Euripidis
825 1730 922 1793 Aeolo
935 1729 1092 1793 derivatus
1105 1730 1154 1791 sit.
1168 1728 1289 1813 Nempe
1302 1729 1384 1814 apud

268 1843 481 1927 „Euripidem
517 1843 690 1925 colloquuti
721 1842 868 1905 videntur
899 1841 1016 1904 Aeolus
1039 1847 1127 1926 pater
1150 1864 1218 1905 cum
1244 1841 1387 1904 Macareo

268 1957 371 2035 ‚‚filio‚
393 1956 581 2040 deprehenso
600 1957 660 2017 iam
673 1956 794 2018 incestu
807 1977 878 2018 cum
891 1955 1011 2019 Canace
1025 1955 1149 2017 uterina
1167 1977 1278 2033 sorore,
1294 1955 1384 2017 Aeol.

241 2135 246 2143 ,
269 2067 453 2146 ,,οοῖο·χιοπον
478 2066 557 2147 έργον
577 2066 772 2147 προσβλέπεις
793 2068 826 2144 μ’
847 2065 1052 2147 εἷργοιομένος;
1072 2066 1153 2130 Moe.
1174 2066 1204 2129 πῖ
1215 2067 1240 2130 δ’
1254 2067 1386 2146 οοῖσχρδν,

268 2179 328 2259 υἢν
352 2181 394 2258 μδ
419 2188 492 2244 ποῖοι
516 2178 675 2260 χρωμένοις
699 2179 802 2259 dorp?
822 2180 926 2243 Notus
950 2186 997 2242 est
1020 2180 1107 2243 lusus
1130 2179 1246 2256 Laidis,
1268 2179 1384 2242 Athen.

268 2293 351 2371 XIII
382 2317 406 2356 0.
439 2295 480 2356 45
513 2316 543 2377 p.
570 2296 643 2355 582.
667 2292 783 2356 Narrat
802 2291 989 2356 Plutarchus
1013 2292 1231 2355 Antisthenem
1254 2292 1387 2376 philoso-

266 2405 373 2490 phum,
398 2429 467 2469 eum
494 2405 577 2469 hunc
599 2407 723 2468 audiret
747 2383 881 2484 versum,
905 2405 1096 2489 respondisse

486 2531 606 2609 οοῖοχρδν
630 2529 663 2593 πο’
686 2531 717 2606 γ’
742 2530 873 2607 οιῖσχρδν,
899 2528 953 2592 κῖιν
977 2530 1044 2608 δοκῇ
1070 2528 1124 2592 adv
1148 2529 1189 2605 pir
1214 2529 1290 2607 δοκῇ.

309 2642 398 2706 idem
420 2643 459 2705 de
481 2641 613 2705 Platone
637 2650 786 2705 memorat
807 2641 939 2705 Serenus
957 2665 1005 2726 ap.
1027 2640 1113 2704 Stob.
1134 2640 1231 2705 Locos
1251 2640 1385 2725 adserip-

264 2763 372 2818 seruut
396 2755 436 2818 N.
464 2762 494 2819 01
519 2755 556 2818 D.

308 2866 513 2951 Comparandi
548 2874 622 2930 suut
656 2867 815 2952 Euripidis
845 2867 975 2931 dicterio
1006 2890 1112 2931 versus
1144 2867 1244 2950 ignoti
1267 2866 1380 2950 tragici

263 2978 386 3043 Nauck.
412 3002 442 3064 p.
469 2983 549 3042 655:
1258 2992 1261 2996 '

484 3117 535 3180 κοιῖ
558 3119 615 3198 γὰρ
637 3119 685 3181 τὸν
708 3115 798 3181 ἄλλον
821 3113 875 3181 ὧδε
897 3120 1036 3191 έννποῖσιν
1060 3118 1144 3196 νόμον

484 3229 548 3308 ὄψει
572 3231 697 3310 διαθρεῖν·
721 3228 800 3294 οὐδέν
823 3225 856 3303 ἦν
880 3229 977 3311 ποένπρ
1001 3232 1091 3295 κοιλδν

483 3343 542 3407 οὐδ’
570 3345 700 3423 οιῖοχρδν,
724 3343 808 3406 dulci
832 3345 918 3407 τοῦτ’
942 3344 1071 3418 ε’ποίνοεν
1093 3344 1196 3421 λοιβὼν

258 3701 312 3767 Vs.
339 3695 443 3766 1477.
479 3703 524 3774 τίς
548 3698 624 3767 οἶδεν
648 3705 671 3767 εἰ
693 3705 725 3769 τὸ
748 3703 800 3784 ζιῖν
825 3703 880 3782 μέν
902 3706 964 3768 ε’σπι
989 3706 1151 3777 κοιπθοονεῖν,

478 3817 510 3880 τὸ
534 3823 615 3880 πνεῖν
639 3816 670 3879 δὲ
694 3817 826 3888 δειπνεῖν,
851 3817 883 3880 πὸ
907 3816 937 3879 δὲ
960 3816 1106 3880 καθεύδειν
1130 3814 1245 3897 aridum

301 3940 523 4025 Fragmentum
541 3941 616 4005 Eur.
638 3941 761 4025 Polyidi
782 3944 855 4004 639.
877 3940 924 4004 De
944 3965 1044 4005 errore
1056 3941 1246 4005 Scholiastae
1261 3941 1322 4004 vid.
1336 3939 1376 4004 ad

259 4058 354 4118 1082.
386 4052 489 4117 Verba
519 4056 551 4118 πδ
581 4092 625 4102 -
655 4056 778 4118 δειπνεῖν
811 4055 944 4118 tentavit
967 4054 1066 4133 Koelr,
1091 4055 1146 4137 qui
1169 4055 1201 4118 πὸ
1224 4060 1320 4117 πονεῖν
1344 4052 1376 4117 δὲ

255 4167 379 4230 δειπνεῖν
403 4167 546 4250 praefert,
571 4176 602 4229 01
624 4166 773 4245 Fritsehe,
799 4168 855 4250 qui
878 4175 976 4240 πεινῆν
1000 4167 1030 4230 δέ
1054 4168 1086 4230 πὸ
1106 4167 1235 4230 δειπνεῖν.
1258 4164 1316 4229 Sed
1330 4188 1376 4228 sa·

257 4279 375 4342 tisfaeit
405 4284 510 4343 textus
542 4287 686 4364 receptus
716 4279 754 4342 ob
785 4281 889 4343 lusum
913 4279 1087 4344 verborum.
1114 4278 1244 4343 Minime
1266 4284 1371 4342 tamen

258 4392 421 4456 ferendum
454 4398 501 4455 est
522 4394 554 4456 πὸ
579 4393 609 4456 δὲ
632 4392 777 4458 κοιέεύδειν
800 4391 907 4473 κῴδιον,
932 4396 1016 4477 quod
1039 4393 1131 4457 nihili
1155 4401 1211 4457 est.
1236 4392 1296 4456 Pro
1319 4389 1376 4472 κῷ-
