3218 5370
280 627 342 685 202
699 643 882 687 nrrnsraon
905 645 927 687 1.

257 816 300 871 tos
334 809 448 889 siprrnm
482 809 713 882 constamincsse;
747 812 822 890 penori
854 809 936 891 impii
964 817 992 872 et
1022 810 1157 873 scelerati
1187 810 1313 873 domines
1344 810 1378 873 in

257 910 393 989 temptam
422 916 517 971 essent
538 909 670 985 addocti,
693 909 808 988 sipnnm
832 910 1008 990 capiendam
1030 913 1073 973 orl
1092 931 1171 973 more
1185 912 1276 995 ferre
1299 933 1377 990 opor·

258 1016 327 1086 tere,
351 1017 380 1072 et
404 1009 499 1071 indere
520 1031 582 1071 enm
607 1009 778 1072 interdicere
800 1009 910 1072 cioibns
932 1032 967 1072 ne
982 1010 1046 1092 qais
1064 1031 1161 1072 eornm
1176 1017 1261 1072 estro
1280 1012 1377 1073 arbem

257 1110 358 1173 eriret.
383 1131 434 1172 rea
457 1110 600 1173 sacerdoti
618 1109 695 1172 dicto
715 1110 839 1172 ordiens
849 1111 933 1193 fsrn't.
953 1110 1099 1173 occasione
1117 1110 1272 1192 Indiqern'c
1285 1116 1375 1174 nacto

257 1211 339 1292 sipno
368 1213 482 1273 snbloto
505 1232 569 1274 cnm
590 1211 693 1290 fratrc
721 1212 821 1272 Oreste
843 1217 872 1272 et
894 1211 1010 1292 Prlode
1035 1211 1066 1272 in
1089 1232 1190 1273 narem
1212 1210 1375 1274 ascendit.”

304 1311 384 1374 Cum
408 1311 464 1373 hac
486 1309 592 1373 fabula
615 1311 774 1393 tragoedia
797 1309 966 1395 Euripides
992 1311 1068 1373 mire
1092 1310 1246 1394 conspirat
1270 1310 1319 1373 vel
1343 1309 1376 1373 in

257 1412 350 1476 rebus
371 1412 497 1474 minoris
521 1412 686 1489 momenti;
712 1412 797 1493 sinna
822 1412 958 1475 enimet
981 1419 1154 1494 orprrmentc
1176 1411 1376 1494 reperiuntur

260 1536 317 1577 rss.
343 1515 406 1575 808
431 1534 496 1595 sqq.

305 1616 333 1676 5.
358 1613 479 1676 Tabula
503 1616 544 1676 54
568 1615 606 1677 de
628 1614 762 1677 Thetide
786 1614 868 1697 agit:

306 1716 421 1779 Thetidi
451 1716 574 1778 Nereidi
602 1717 706 1794 fotam
722 1717 806 1800 fnit,
830 1716 880 1797 qni
901 1737 936 1777 er
958 1736 992 1777 eo
1013 1721 1104 1776 nntns
1128 1720 1200 1775 esset
1219 1713 1375 1797 fortiorem

250 1817 325 1902 fore
346 1838 431 1898 qnam
450 1824 575 1897 patrem.
600 1818 665 1879 Hoc
685 1824 805 1897 praeter
827 1816 1030 1879 Prometheum
1052 1836 1115 1878 cnm
1139 1814 1227 1876 sciret
1250 1835 1329 1876 nemo
1349 1820 1378 1876 et

259 1918 336 1981 Iocis
369 1918 456 1979 veltet
489 1939 553 1979 cnm
582 1939 616 1978 ec
642 1920 830 1994 eoncnmbere,
863 1917 1056 1978 Prometheae
1079 1914 1147 1978 Jooi
1167 1915 1325 1994 pollicetar
1349 1934 1378 1976 se

259 2038 322 2080 enm
337 2022 601 2098 prcensonitnrnm,
624 2018 651 2080 si
672 2040 702 2080 se
724 2018 850 2080 sinentis
873 2018 1032 2080 liberasset.
1056 2014 1130 2079 cct.''
1149 2013 1239 2077 Hanc
1260 2012 1377 2098 Hygini

259 2117 468 2179 narrationem
504 2140 520 2178 e
553 2117 710 2199 tragoedia
745 2117 891 2202 Aeschyli
926 2118 1096 2181 derivatam
1129 2138 1193 2178 esse
1224 2120 1311 2199 patet
1340 2137 1376 2177 ex

259 2217 436 2280 acutissima
466 2218 677 2301 disputatione
700 2218 900 2297 Weckleinii,
926 2217 1056 2281 Studien
1080 2239 1119 2281 au
1144 2217 1254 2279 Aesch.
1280 2216 1375 2295 1872,

260 2341 290 2403 p.
325 2320 366 2379 23
396 2339 472 2400 sqq,
502 2318 558 2400 qui
586 2317 697 2403 probat
728 2319 947 2383 Prometheum
980 2320 1159 2381 futurorum
1192 2338 1373 2401 praesagum

258 2417 388 2501 Iovique
412 2442 447 2481 ea
470 2419 658 2503 aperientem
681 2421 842 2503 proprium
867 2421 961 2482 fuisse
985 2411 1141 2501 heschyii.

303 2518 404 2582 Vetus
434 2525 500 2582 erat
529 2519 657 2582 traditio
688 2542 781 2602 quam
806 2521 939 2584 servavit
963 2519 1128 2595 Pindarus,
1153 2518 1265 2581 Isthm.
1290 2517 1376 2581 VIII

261 2624 301 2682 60
338 2641 414 2702 sqq,
447 2619 551 2683 [orem
582 2626 614 2683 et
641 2620 826 2705 Neptunum
851 2644 921 2684 curn
945 2620 1078 2683 Thetide
1102 2618 1304 2682 concumbere
1328 2640 1377 2681 vo·

259 2721 363 2795 luisse,
401 2722 561 2784 Themidem
592 2729 698 2784 autem
727 2743 779 2785 eos
802 2722 1033 2806 praemonuisse
1057 2744 1095 2783 ne
1120 2722 1265 2783 facerent.
1286 2718 1380 2782 Prae-

259 2828 352 2898 terea,
376 2828 412 2884 ut
434 2821 531 2883 tradit
554 2820 721 2899 Hesiodus,
745 2822 949 2886 Prometheus
973 2843 1035 2884 non
1055 2820 1213 2883 Themidis
1234 2819 1287 2883 sod
1307 2817 1376 2903 Gly-

259 2945 362 2986 menes
384 2921 468 2985 filius
492 2921 562 2987 fuit.

304 3023 442 3086 Mutavit
465 3022 539 3084 haec
563 3024 655 3086 etad
679 3047 772 3087 suum
790 3046 886 3087 usum
910 3023 1070 3109 adaptavit
1093 3021 1273 3106 Aeschylus,
1300 3018 1378 3082 The·

259 3122 350 3185 midis
373 3129 476 3206 partes
498 3122 611 3186 tribuit
634 3123 818 3188 Prometheo
843 3124 956 3208 (Proin.
982 3123 1043 3186 907
1070 3144 1135 3205 sqq.
1168 3145 1229 3185 non
1253 3119 1376 3182 Themis

257 3225 310 3287 sed
333 3223 537 3286 Prometheus
561 3246 640 3306 quae
663 3225 770 3288 futura
793 3226 856 3288 sint
876 3225 995 3308 aperire
1014 3224 1204 3308 pollicetur),
1226 3245 1242 3284 e
1280 3226 1378 3282 utve·

255 3323 382 3386 risimile
415 3323 469 3384 fiat
503 3346 575 3386 eum
614 3347 724 3387 arcana
759 3325 945 3408 cognovisse,
982 3325 1082 3387 filium
1112 3321 1271 3386 Themidis
1304 3343 1377 3383 eum

255 3424 349 3487 fuisse
379 3425 478 3506 fingit.
508 3423 618 3486 Totam
648 3425 837 3489 Weckleinii
868 3425 1112 3509 disputationem
1136 3445 1287 3508 exponere
1311 3421 1376 3483 lon·

255 3547 330 3609 gum
360 3532 417 3601 est,
449 3525 568 3608 legenti
600 3548 671 3588 vero
701 3526 771 3588 luce
801 3526 913 3589 clarius
936 3527 972 3588 fit
995 3525 1157 3588 historiam
1183 3521 1374 3598 Promethei,

254 3649 348 3709 quam
377 3624 500 3689 exhibet
529 3626 699 3709 tragoedia,
730 3626 786 3689 uni
817 3626 923 3690 deberi
948 3625 1099 3709 Aeschylo
1125 3630 1156 3686 et
1178 3646 1286 3688 verum
1309 3645 1374 3686 esse

252 3726 337 3809 quod
361 3749 391 3810 p.
418 3730 458 3789 26
484 3727 618 3810 legitur:
643 3750 706 3804 „so
730 3728 791 3791 ist.
808 3779 814 3792 .
830 3779 836 3792 .
852 3776 880 3791 ..
907 3727 1052 3790 erwiesen
1076 3725 1144 3788 dass
1167 3725 1218 3787 die
1238 3723 1376 3787 Darstel·

250 3826 358 3910 „lung
380 3828 433 3890 des
457 3827 572 3911 Hygin,
596 3827 658 3891 fab.
685 3830 735 3907 54,
756 3849 833 3912 gaus
854 3829 909 3892 aui
925 3827 974 3890 die
987 3826 1156 3911 Tragoedie
1173 3827 1227 3889 des
1240 3824 1374 3908 Aeschy-

250 3929 327 4006 „lns
351 3929 577 4013 nuriichgeht.”

298 4033 327 4094 6.
350 4029 423 4093 Tab.
463 4034 524 4092 186
556 4031 690 4114 iegitur:
724 4080 742 4108 „
755 4030 944 4110 Melanippen
976 4028 1144 4092 Desmontis
1174 4027 1270 4108 filiam
1304 4025 1375 4106 (siae

253 4132 336 4192 Aeoli
359 4139 393 4194 nt
416 4132 473 4194 otii
493 4139 595 4212 poetae
617 4132 734 4210 dicant)
758 4131 997 4210 formosissimam
1021 4129 1179 4210 Neptnnns
1199 4125 1374 4206 compressit,

253 4253 288 4291 ec
310 4254 368 4314 qno
388 4232 552 4312 procrearit
569 4232 654 4314 filios
676 4234 756 4294 dnos.
781 4233 858 4314 qnod
878 4253 942 4293 cnm
967 4233 1136 4292 Desmontes
1159 4228 1289 4291 rescisset
1309 4226 1374 4288 Me-

252 4332 392 4412 lanippen
422 4333 586 4395 erccecnoit
616 4339 644 4394 et
676 4332 708 4393 in
732 4332 906 4394 monimento
930 4331 1081 4408 conclusit,
1104 4329 1178 4392 cet.’'
1202 4326 1249 4389 De
1273 4376 1293 4405 „
1310 4324 1371 4392 Me·

247 4432 367 4512 lanippe
400 4432 568 4495 Desmontis
593 4430 680 4513 filia’
709 4454 725 4492 e
756 4430 969 4508 „Msnnrr‘nrrn
1006 4429 1174 4507 δεσμῶτις”
1208 4434 1276 4491 orto
1309 4427 1373 4494 vid.
