3218 5370
743 603 860 646 RANAE.

448 751 584 847 ’Κύδροον
608 775 738 840 πολῑποιι,
762 769 820 846 χρὴ
844 767 939 845 λέγειν
962 768 1002 831 πθι
1025 769 1120 848 κοιίριοι

461 881 539 954 ύσπις
563 880 712 961 φολούσσει
735 884 847 961 πρᾶγος
870 883 900 944 ε’ν
923 880 1038 961 πρύμνη
1062 881 1173 955 πόλεως

463 993 549 1059 οθοικοι
573 998 683 1071 νωμῶν.

284 1135 329 1197 At
339 1133 459 1218 puerile
470 1133 608 1217 profecto
620 1139 652 1194 et
664 1132 819 1195 insulsum
832 1133 940 1195 luisset
952 1131 1068 1196 talibus
1081 1133 1217 1217 prologis
1229 1133 1359 1207 ληκύθιον

240 1246 410 1330 adiungere
418 1273 427 1324 ;
452 1245 613 1309 fastidium
637 1252 669 1308 et
691 1244 831 1308 taedium
856 1252 997 1324 creasset,
1023 1247 1206 1310 cachinnum
1232 1247 1360 1311 minime

241 1359 396 1423 movisset.
427 1358 500 1422 Non
532 1359 664 1442 ineptias
686 1358 823 1442 proferre
846 1357 905 1421 sihi
928 1359 1090 1443 proposuit
1112 1359 1165 1422 scd
1187 1359 1279 1423 verba
1303 1367 1363 1423 tra·

240 1472 308 1556 gica
335 1472 368 1534 in
392 1471 554 1534 scurrilem
579 1472 763 1553 detorquere
787 1471 985 1534 sententiam.
1011 1470 1075 1534 Gur
1099 1472 1181 1535 enirn
1205 1495 1268 1535 non
1292 1475 1362 1536 teti-

241 1585 288 1668 git
318 1584 462 1669 prologos
493 1583 688 1668 Supplioum,
720 1583 860 1661 Medeae,
884 1583 1049 1669 Hippolyti
1074 1586 1122 1649 vel
1146 1585 1293 1650 Herculis
1316 1588 1330 1649 f
1352 1625 1362 1636 -
1430 1593 1438 1608 '

242 1698 347 1777 rentis,
371 1698 453 1781 quod
478 1720 532 1782 per
555 1705 690 1762 metrum
712 1697 826 1761 licuit?
851 1696 925 1761 Non
949 1699 1041 1762 aliam
1065 1698 1104 1762 ob
1123 1722 1247 1762 causam
1267 1722 1360 1783 quarn

242 1811 352 1894 quodsi
383 1811 465 1875 hisce
495 1813 528 1875 τὸ
552 1810 681 1884 ληκύθιον
705 1810 865 1891 affixisset,
886 1834 950 1874 non
973 1811 1105 1875 ridicula
1130 1814 1275 1876 evasisset
1298 1830 1362 1877 sen·

241 1926 340 1987 tentia
364 1923 417 1987 sed
441 1946 567 2008 prorsus
586 1925 683 1988 nulla.
703 1923 777 1987 Non
794 1925 892 2008 igitur
913 1932 1048 1988 metrum
1067 1927 1246 2009 carpsitsed
1259 1926 1361 1990 verba.

244 2036 324 2099 Vide
355 2043 392 2099 ut
421 2059 526 2100 omues
557 2037 612 2119 qui
644 2037 695 2100 hic
726 2044 895 2100 occurrunt
916 2036 1038 2121 prologi
1061 2038 1094 2100 in
1118 2061 1212 2101 unam
1235 2039 1364 2102 formam

243 2152 306 2215 sint
339 2150 464 2230 redacti,
495 2152 533 2214 ad
561 2174 657 2214 unum
681 2151 856 2234 exemplum
882 2151 945 2214 sint
969 2152 1140 2235 compositi.
1166 2152 1298 2215 Initium
1322 2153 1365 2215 l·

243 2264 286 2326 cit
308 2285 421 2326 nomen
445 2263 578 2326 alicuius
601 2263 658 2326 viri
681 2270 737 2326 aut
761 2263 862 2326 herois
886 2270 942 2326 aut
966 2263 1026 2341 dei,
1047 2265 1137 2327 cuius
1157 2265 1272 2347 posteri
1290 2288 1364 2328 enu-

244 2384 421 2440 morantur:

304 2569 309 2575 ὓ
375 2488 528 2553 Archelai.
553 2487 715 2566 Αἴγυπτος,
741 2491 778 2561 ὡς
802 2490 814 2552 i
838 2496 977 2560 πλεῖστος
1001 2487 1144 2568 ἔσποιρπιιι
1167 2489 1263 2567 λύγος.

376 2603 505 2688 Hypsip.
532 2603 676 2676 Διύννσος,
701 2603 731 2674 ὃς
746 2651 773 2666 ..
791 2651 817 2666 ..
845 2604 926 2684 πηδᾷ
949 2602 1083 2684 χορεύων.

375 2714 491 2779 Phrixi.
517 2717 648 2780 Σιδύνιύν
672 2717 738 2780 ποτ’
761 2715 838 2779 dero
863 2715 984 2793 Κύδροος
1007 2717 1141 2780 ἐκλιπών.

375 2829 447 2914 Iph.
471 2829 506 2892 Τ.
531 2829 634 2909 Πέλοψ
658 2830 671 2893 ύ
693 2827 876 2901 Τοιννιύλειος
900 2831 929 2901 ἐς
954 2837 1052 2893 Πῖσοιν
1076 2830 1181 2906 μολύν.

376 2942 538 3027 Meleagri.
572 2943 673 3014 Οἰνεύς
705 2942 769 3005 ποτ’
801 2943 833 3006 ἐκ
857 2950 1000 3019 γῆς-.
1028 2942 1097 3006 θύων
1120 2942 1275 3023 νύποιρχύς.

377 3055 492 3118 Melan.
518 3055 598 3127 Ζεὺς,
624 3057 660 3126 ὡς
684 3054 820 3117 λέλεκποιι
843 3062 897 3128 τῆς
920 3055 1059 3127 ούληθείιις
1083 3053 1146 3119 ύπο.

289 3193 339 3256 Ad
358 3193 450 3256 aliam
469 3215 609 3255 normam
622 3198 818 3255 constructus
831 3198 877 3254 est
891 3214 973 3254 unus
986 3190 1195 3255 Stheneboeae
1209 3191 1365 3276 prologus,

466 3318 516 3380 ούνι
539 3314 616 3379 ἔστιν
640 3314 717 3387 ύσπις
742 3316 831 3379 πούντ’
855 3316 924 3396 σύνηρ
949 3316 1117 3392 εὐδαιμονεῖ
1138 3317 1210 3389 ari„

243 3429 287 3493 ita
318 3436 422 3493 tamen
447 3436 483 3492 ut
510 3428 619 3514 (ύνηρ)
647 3429 789 3506 δυσγενὴς
813 3427 849 3490 ὢν
872 3426 1049 3490 subiectum
1071 3450 1136 3491 esse
1159 3429 1255 3512 possit
1278 3428 1364 3494 verbi

241 3545 401 3607 οέπύλεσεν.
435 3543 623 3606 Scholiasta:
655 3541 815 3620 διοιβύλλει
846 3540 877 3605 δὲ
900 3541 952 3614 νην
979 3541 1122 3618 ύμοειδίοιν
1146 3546 1202 3604 πῶν
1225 3542 1364 3618 εἰσβολῶν

243 3663 298 3722 πῶν
333 3657 500 3738 δριιμύτιον,
532 3681 625 3741 quam
657 3657 890 3720 annotationem
921 3657 1025 3718 minus
1056 3661 1128 3740 apte
1154 3653 1365 3718 Stheneboeae

243 3773 369 3857 prologo
399 3771 562 3856 adscripsit
593 3794 635 3835 vs.
669 3774 764 3833 1219.
798 3768 843 3831 Of.
875 3793 932 3832 van
958 3769 1112 3832 Leeuwen
1136 3769 1224 3853 Spec.
1247 3769 1295 3832 lit.
1322 3768 1365 3832 in.

245 3885 282 3948 de
306 3886 402 3949 Arist.
427 3884 595 3977 Euripidis
610 3906 745 3960 censore,
773 3875 873 3944 1876.
892 3904 921 3965 p.
949 3884 989 3944 98
1010 3903 1076 3964 sqq.

246 4158 299 4223 Vs.
327 4148 578 4220 1211—1213.
605 4153 750 4224 Διύνυσος,
774 4150 803 4223 ὃς
828 4150 1015 4231 θύρσοισι-
1037 4150 1119 4232 πηδᾷ
1141 4148 1277 4231 χορεύων.

292 4271 393 4335 Schol.
418 4267 588 4350 ’Ὑψιπύλης
612 4269 628 4340 η
653 4266 742 4347 οἱρχύ.
769 4264 820 4328 Fr.
849 4265 921 4327 752.
948 4261 994 4327 Of.
1018 4263 1056 4326 ad
1079 4261 1165 4327 Nub.
1188 4266 1259 4326 603.
1281 4262 1365 4346 Hyp-

244 4385 361 4471 sipylae
382 4384 417 4447 in
436 4384 494 4446 hac
514 4381 674 4465 tragoedia
696 4380 801 4443 infans
824 4377 976 4464 Opheltes
996 4378 1177 4442 commissus
1189 4383 1274 4455 crat;
1288 4397 1367 4459 quae
