3218 5370
268 636 330 697 156
748 655 864 700 amun.

297 821 401 882 Orruiu
432 828 531 882 orateur
556 822 716 902 perspicuo
737 824 823 904 fiuut
852 823 879 885 si
907 824 1067 886 statuimus
1097 826 1190 886 lorum
1214 825 1375 909 Hippolyti

247 933 335 995 etium
369 937 412 996 ού
437 957 478 997 os.
516 937 610 1011 1478,
644 936 694 997 uti
723 939 758 997 de
780 939 873 998 eodem
897 937 1052 1018 Euripidis
1074 960 1159 1001 uersu
1184 940 1294 1018 opiter,
1319 944 1372 1004 od·

243 1053 383 1126 seriptum
404 1048 512 1125 fuisso.
536 1046 576 1108 In
600 1046 674 1109 Rav.
701 1053 732 1109 et
757 1046 836 1110 Ven.
860 1056 968 1132 postea
991 1050 1122 1112 omissus
1145 1057 1200 1126 est,
1222 1051 1274 1113 sed
1294 1052 1370 1115 titu-

248 1157 299 1221 lus
330 1155 363 1232 ἐξ
395 1161 475 1223 ‘Iura
510 1160 668 1223 remansit.
694 1160 731 1223 In
756 1161 980 1226 recentioribus
1004 1163 1129 1226 scholiis
1153 1164 1273 1227 confusi
1296 1172 1372 1228 sunt

245 1270 366 1356 Polyidi
400 1271 519 1355 (Phrixi
543 1281 580 1336 ut
603 1274 777 1336 scholiastis
800 1273 975 1359 videbatur)
999 1282 1030 1338 et
1054 1276 1217 1361 Hippolyti
1241 1275 1301 1341 loci
1324 1278 1369 1341 ita

247 1391 293 1462 ut,
324 1385 490 1470 Hippolyti
520 1386 620 1450 verbis
652 1388 781 1466 omissis,
814 1389 927 1452 titulus
959 1386 992 1462 ἐξ
1016 1390 1100 1452 ‘Iura
1125 1389 1225 1452 verbis
1247 1390 1370 1475 Polyidi

244 1499 506 1582 praemitteretur.
532 1498 634 1562 Simili
657 1522 759 1564 errore
783 1500 910 1564 turbata
933 1508 1007 1564 suut
1030 1500 1132 1565 Schol.
1158 1505 1220 1566 470
1246 1524 1312 1586 sqq.

288 1612 328 1673 Iu
353 1612 477 1675 Soliotiis
500 1616 552 1677 Αν.
578 1614 671 1694 ipitur
694 1616 809 1677 uultum
832 1615 953 1698 Polyidi
977 1616 1148 1677 mautioueut
1164 1617 1288 1699 foetura
1310 1639 1370 1679 esso

245 1725 383 1802 arbitror,
408 1731 439 1788 et
461 1747 543 1788 unus
566 1733 690 1789 tanturn
716 1734 801 1789 extat
826 1728 857 1790 in
884 1727 941 1789 hae
968 1751 1060 1790 eausa
1080 1728 1168 1791 testis
1187 1728 1242 1811 qui
1261 1751 1298 1790 ex
1311 1728 1370 1792 hoo

244 1837 383 1900 dramate
412 1838 504 1901 verba
528 1839 746 1923 Aristophanis
769 1841 911 1904 desumta
939 1864 1002 1903 esse
1027 1840 1170 1918 affirmat,
1195 1840 1368 1904 Scholiasta

247 1950 323 2013 Eur.
355 1952 450 2035 Hipp.
484 1955 557 2015 192.
591 1952 653 2016 cui
683 1959 787 2016 tamen
812 1953 903 2016 fidem
927 1953 1100 2017 habendam
1124 1977 1189 2018 esse
1214 1954 1367 2033 existima,

244 2085 315 2126 curn
338 2063 442 2127 locum
465 2062 574 2126 Phrixi
597 2066 763 2128 servaverit
787 2065 948 2145 Stobaeus,
973 2067 1009 2129 fr.
1035 2068 1109 2129 830.

292 2176 523 2260 Argumentum
547 2177 702 2257 dramatis,
727 2178 889 2241 historiam
907 2187 988 2242 certe
1008 2179 1131 2263 Polyidi
1149 2180 1282 2243 servavit
1303 2179 1367 2264 Hy·

249 2290 341 2372 ginus
376 2289 437 2352 fab.
476 2293 548 2353 136.
583 2291 742 2372 Quaenam
774 2315 845 2355 vero
875 2293 972 2356 fuerit
1003 2293 1124 2371 mulier,
1155 2293 1245 2356 ouius
1275 2293 1367 2357 verba

246 2402 430 2481 afferuntur,
455 2405 617 2467 nescimus.

245 2626 299 2690 Vs.
327 2620 576 2690 1126-1128.
603 2628 698 2707 Ἑρμῆ
723 2626 819 2705 χθόνιε
837 2665 881 2675 —-
899 2627 1096 2708 κωτὲρχομων.
1116 2628 1249 2691 Initium
1269 2627 1368 2694 Choe-

245 2741 424 2826 phorarum.

243 2966 297 3029 Vs.
324 2958 428 3029 1172.
464 2963 583 3041 τύμβου
607 2965 632 3028 δ’
658 2965 705 3027 ἐτ’
729 2963 806 3044 ’ὅχύω
829 2966 902 3044 τῷδε
925 2963 1056 3045 κηρύσσω
1080 2963 1171 3044 τωτρὶ

465 3075 570 3148 κλύων,
594 3077 726 3140 ύκοῦτοω.

288 3190 427 3275 Choeph.
460 3194 490 3253 4.
522 3189 624 3253 Schol.
655 3190 687 3253 τὸ
711 3190 751 3263 δὲ,
775 3189 894 3267 τύμβον
918 3190 943 3253 δ’
973 3191 1020 3253 ἐτ’
1045 3189 1132 3269 duta,
1157 3191 1198 3252 ru
1221 3185 1288 3262 ἑξῆς
1312 3191 1363 3250 τοῦ

243 3305 394 3386 τρολύγον.

243 3530 297 3594 Vs.
327 3522 429 3590 1182.
467 3523 500 3601 ἦν
526 3526 663 3598 Οἰδίπους
686 3529 718 3590 τὸ
742 3532 850 3607 πρῶτον
874 3526 1019 3604 εύδωίμων
1043 3527 1121 3605 ύνύρ.

288 3641 391 3705 Schol.
422 3639 456 3715 ἐξ
482 3640 654 3718 Ἀντιγόνης
686 3642 753 3720 Erip.
787 3638 847 3702 ἔστι
878 3638 909 3702 δὲ
940 3639 1019 3719 οὲρχὶν
1052 3643 1103 3702 τοῦ
1128 3636 1288 3716 δρύμωτος.
1315 3637 1363 3700 De
1473 3651 1478 3662 '

245 3755 302 3818 hac
322 3754 479 3837 tragoedia
500 3753 538 3815 ef.
552 3753 740 3837 epimetrum
751 3752 796 3815 ΙΙ.
809 3753 856 3815 Pur
868 3751 974 3814 eadem
987 3751 1150 3814 desumtus
1162 3755 1209 3814 est
1220 3774 1262 3813 vs.
1279 3749 1362 3813 1187

172 3928 175 3935 ,
287 3861 339 3930 εἶτ’
362 3866 471 3944 ἐγένετ’
496 3859 576 3938 αὖθις
599 3867 778 3937 ύύλνύτωτος
801 3865 918 3945 βροτῶν.
944 3865 980 3927 fr.
1008 3865 1070 3927 157
1096 3869 1127 3926 el·
1152 3866 1225 3926 158.

288 3979 377 4059 Quae
400 3979 590 4063 praecedunt
614 4002 657 4042 vs.
685 3980 781 4055 1184,

463 4090 558 4156 ύντννύ
581 4117 625 4169 γε,
650 4092 713 4171 πρὶν
736 4097 828 4170 Φῦνοω
852 4087 916 4168 μέν,
943 4091 1098 4154 Ἃτύλλων
1128 4087 1186 4169 ἔφη

461 4206 631 4268 οἶτοκτενεῖν
655 4206 703 4267 τὸν
726 4203 850 4283 πωτέρω,
876 4202 941 4283 πρὶν
967 4203 1017 4265 uui
1040 4201 1198 4280 γεγονένοω.

240 4317 412 4400 respiciunt
445 4317 562 4379 Phoen.
601 4319 685 4378 1596
717 4337 782 4397 sqq.
815 4313 843 4378 ὃν
875 4314 926 4378 uui
956 4315 1022 4394 πρὶν
1052 4317 1081 4386 ἐς
1104 4318 1169 4394 φῶς
1193 4315 1302 4392 μητρὸς
1331 4314 1364 4376 ἐκ

244 4436 329 4507 γονῆς
353 4437 454 4507 μολεῖν
475 4427 480 4518 Ι
500 4427 602 4507 ἄγονον
621 4428 776 4492 Ἀπόλλων
792 4428 874 4508 Λωΐῳ
892 4430 926 4505 μ’
948 4427 1078 4493 ἐύέστωτε
1098 4425 1103 4516 Ι
1123 4427 1216 4508 portu
1228 4427 1363 4504 γενέτύων
