3218 5370
634 1643 980 1724 PLUTUS.

249 2156 303 2220 Vs.
330 2151 361 2218 8.
832 2160 872 2237 τῷ
896 2159 926 2222 δὲ
950 2156 1043 2240 Λοξία

446 2267 475 2339 ὃς
499 2269 652 2348 θεσπιῳδεῖ
671 2269 799 2349 τρίποδος
823 2272 855 2333 εἰι
878 2269 1067 2350 χρυσαλοίιοιι

451 2380 568 2460 μέμψιν
593 2381 707 2444 δικαιάι
731 2381 896 2461 μέμφομαι
919 2382 1040 2455 ταύτην.

291 2492 391 2556 Schol.
425 2497 442 2555 9
468 2500 568 2555 reete:
593 2493 818 2572 ἐπραρικειίοαπο
842 2502 878 2573 τῇ
905 2493 1019 2574 Φροίοει.
1046 2492 1157 2568 Λοξίας
1181 2517 1294 2559 nomen
1318 2502 1366 2558 est

249 2605 405 2689 Apollinis
428 2606 461 2668 in
486 2607 618 2669 oraculis
641 2613 673 2668 et
696 2606 730 2669 in
753 2605 921 2689 tragoedia.
945 2607 1049 2669 Etiam
1074 2607 1132 2689 Eq.
1156 2609 1251 2685 1047,
1280 2608 1365 2669 1072

243 2717 410 2780 adhibetur
434 2719 508 2800 quia
530 2717 573 2781 ibi
598 2719 722 2781 oracula
741 2720 949 2798 παρῳδοῦοπαι.
971 2718 1083 2802 Neque
1104 2721 1256 2800 θεσπιῳδεῖ
1274 2721 1368 2806 scrip·

243 2830 332 2893 sisset
365 2831 419 2894 Ar.
455 2853 557 2913 neque
589 2832 718 2911 τρίποδος
747 2833 780 2895 ἐκ
803 2831 992 2911 χροοορλοίποο
1015 2831 1182 2895 addidisset
1205 2833 1265 2896 nisi
1288 2840 1361 2896 ante

242 2941 349 3004 oeulos
370 2943 408 3005 -ei
440 2942 619 3006 obversatus
643 2952 722 3007 esset
746 2967 852 3007 versus
875 2945 1023 3027 tragicus.
1048 2944 1146 3023 idem,
1172 2946 1261 3008 cuius
1288 2946 1362 3009 haee

240 3063 314 3118 sunt
338 3055 440 3133 verba,
464 3079 570 3120 servus
594 3055 693 3136 Oari0,
718 3079 762 3122 vs.
787 3059 845 3120 39:

241 3278 295 3345 Vs.
320 3271 377 3339 39.
437 3277 467 3341 πί
488 3278 564 3350 δῆτα
589 3277 696 3354 Φοῖβος
721 3276 824 3342 ἔλακεν
848 3280 880 3342 ἐκ
900 3283 956 3341 τῶι
980 3278 1180 3356 οπεμμιίτοιο;

285 3390 332 3454 De
356 3413 427 3453 voee
451 3391 567 3473 tragica
590 3397 692 3453 λακεῖν
716 3391 753 3456 cf.
779 3391 857 3454 th.
882 3393 957 3455 410.

287 3504 388 3568 Schol.
422 3504 429 3522 ‘
454 3500 532 3577 λέξις
556 3503 712 3582 Εὐριπίδου
734 3503 802 3566 atari
826 3509 876 3567 τοῦ
900 3502 1031 3587 ἔχρησεν.
1053 3503 1127 3567 Non
1146 3512 1250 3568 tamen
1269 3505 1359 3569 Euri·

241 3616 305 3700 pidi
329 3615 495 3700 peculiaris
516 3620 571 3693 est,
591 3636 693 3696 neque
713 3615 745 3677 in
766 3614 918 3699 Sophocle
936 3639 1037 3699 neque
1049 3617 1083 3680 in
1095 3617 1248 3702 Aeschylo
1261 3619 1357 3682 deest.

239 3837 299 3903 Vs.⁴
318 3831 374 3899 90.
434 3838 447 3900 ὁ
471 3837 501 3900 δέ
525 3837 559 3915 μ’
582 3838 712 3911 ἐποίησεν
735 3840 856 3920 ποφλίο.

285 3949 399 4035 Inepta
422 3956 469 4014 est
493 3952 653 4014 annotatio
679 3951 883 4014 Scholiastae:
909 3950 1079 4032 παρῴδιιποοι
1101 3954 1133 4015 ἐκ
1153 3957 1209 4016 τῶν
1228 3953 1359 4016 Ἡοιίδοο

440 4061 603 4143 κρύψαντες
628 4064 684 4144 γοδρ
708 4063 809 4143 ἔχουσι
833 4063 887 4128 θεοί
911 4064 973 4141 βίον
997 4066 1189 4144 οίνίροίποιοιο.

239 4286 293 4353 Vs.
321 4279 399 4349 114.
435 4280 516 4363 οἶμαι
539 4285 596 4365 γοδρ
618 4280 709 4363 οἶμαι,
734 4284 785 4361 ξὺν
809 4288 859 4367 θεῷ
883 4286 909 4351 δ’
933 4287 1082 4367 είριίοεπαι,

438 4397 549 4471 ταύτης
573 4397 760 4472 ἀπαλλάξειν
784 4424 818 4463 οε
839 4407 893 4474 τῆς
915 4399 1096 4481 ὀφθαλμίας.
