3218 5370
644 605 877 649 ACHARNENSES.

318 773 414 838 οὔκουν
438 772 474 836 συ’
497 774 527 850 γ’
552 772 588 836 ἂν
612 771 751 861 λαβοῦσα
774 771 830 843 τοὶς
853 770 930 848 ε’μοὶς
953 770 1063 849 τύχας,

317 885 426 966 ἐχθροῦ
450 885 562 956 λέοντος
586 885 714 962 δυσμενῆ
739 884 950 960 βλαστήματα

318 997 440 1071 ήλαυνες
463 996 499 1062 ἂν
523 1003 659 1068 κακοῖσιν,
683 995 767 1059 ἄλλα
790 994 940 1076 σωφρόνως

320 1109 422 1183 εἴασας
446 1111 530 1174 οἰκεῖν
554 1107 682 1190 ”Αρνοο;
707 1107 791 1172 οὔτιν’
815 1106 851 1171 ἂν
874 1106 978 1180 πίθοις.

215 1222 291 1287 VH.
314 1225 366 1286 An
391 1221 516 1286 Graecis
538 1222 635 1305 igitur
659 1221 751 1284 licuit
773 1220 836 1284 vim
860 1220 891 1284 ri
913 1220 1088 1297 defendere,

686 1335 734 1399 τὸν
757 1334 789 1397 δὲ
813 1335 954 1414 Τήλεφον

319 1451 369 1513 οὐκ
388 1447 548 1525 οἷόμεσ3α;
573 1453 636 1519 νοῦς
659 1445 703 1526 ἄρ’
729 1447 797 1522 ήμῖν
821 1447 871 1509 οὐκ
894 1444 940 1507 ἔνο.

198 1562 291 1625 VHI.
316 1561 402 1640 Quid
426 1562 525 1645 igitur
549 1568 594 1623 est
618 1560 698 1643 quod
725 1559 861 1643 Telepho
884 1559 957 1621 irati
981 1579 1088 1622 sumus

618 1667 682 1735 εἶτα
707 1671 741 1743 δή
764 1669 948 1747 θυμούμεθα

319 1784 466 1856 παθόντες
489 1785 568 1848 οὐδὲν
592 1783 693 1863 μεῖζον
718 1782 734 1856 ή
760 1782 945 1862 demendum

322 1893 405 1984 (εἶτα
428 1920 485 1983 pro
509 1899 532 1961 εἷ
554 1898 725 1976 Matthiae3
748 1898 875 1960 fortasse
888 1891 951 1960 εἶτα
966 1893 1314 1979 Τήλὲφῳθυμούμεθα)
1360 1952 1362 1957 ,

242 2011 328 2075 Haec
356 2012 382 2076 si
412 2035 483 2075 vera
513 2018 596 2094 sunt,
620 2018 747 2096 apparet
769 2033 870 2094 neque
893 2010 1122 2093 Dicaeopolidis
1146 2009 1319 2071 orationem

200 2131 361 2188 centonem
393 2147 457 2186 esse
489 2147 505 2186 e
537 2124 630 2187 variis
660 2123 854 2187 sermonibus
878 2127 1063 2201 consertum,
1083 2144 1189 2204 ‚neque
1211 2142 1320 2183 verum

198 2237 311 2301 vidisse
334 2239 518 2321 interpretes
541 2238 596 2319 qui
618 2237 655 2299 fr.
674 2238 755 2315 -710,
783 2238 855 2313 711,
884 2237 945 2299 712
970 2235 1091 2319 Ulyssis
1109 2233 1202 2298 verba
1222 2234 1316 2297 fuisse

199 2351 376 2435 opinantur.
406 2350 532 2412 Mecum
557 2350 631 2412 facit
654 2349 882 2432 grammaticus,
907 2349 962 2432 qui
985 2342 1170 2433 hypothesin
1195 2347 1319 2431 scripsit

199 2487 277 2546 quae
298 2464 373 2526 haee
392 2462 501 2525 habet:
523 2461 574 2526 καὶ
595 2460 762 2533 στολνσὶνεὶς
782 2470 839 2537 τοῖς
862 2462 1003 2542 Τηλέφου
1023 2461 1175 2542 ῥακώμασο
1195 2461 1321 2540 supple?

198 2578 245 2641 τὸν
269 2576 371 2640 ἐκείνου
395 2576 488 2653 λόγον.

243 2687 368 2772 Optime
400 2688 534 2770 denique
565 2710 637 2750 eum
669 2689 706 2751 iis
737 2709 816 2769 quae
848 2688 976 2772 exposui
1000 2688 1156 2770 conspirat
1181 2687 1317 2750 testimo-

201 2802 289 2863 nium
321 2800 422 2863 Schol.
456 2800 495 2863 ad
526 2800 655 2863 Aristid.
681 2801 741 2863 vol.
767 2800 811 2879 ΙΙ,
836 2823 866 2885 p.
893 2781 986 2878 ].9,a
1008 2799 1152 2863 Nauelrio
1176 2790 1339 2862 allatum.

199 2914 249 2975 Ad
279 2912 371 2976 verba
402 2912 563 2975 Aristidis:
595 2914 643 2976 τὸν
675 2913 705 2976 δὲ
730 2913 870 2992 Τήλεφον
893 2915 944 2976 οὐκ
967 2910 1013 2976 οἴει
1036 2913 1077 2975 τα
1099 2913 1178 2975 αὐτοὶ
1201 2917 1317 2987 ταῦτα;

197 3032 342 3089 annotat:
375 3023 421 3097 τὶς
449 3029 505 3087 τῶν
535 3029 656 3097 τοιήτῶν
689 3024 798 3102 εἷσοὶγεο
829 3026 877 3088 τὸν
908 3025 1048 3105 Τήλεφον
1078 3023 1245 3101 ἐλέγχοντα
1270 3024 1317 3086 τὸν

197 3137 347 3202 Ὀδυσσέα
378 3139 409 3200 ἐκ
438 3142 493 3200 τῶν
525 3139 619 3200 αὐτῶν
650 3139 743 3214 λόγων
767 3135 813 3208 οὓς
836 3139 971 3217 πρὸστὸν
996 3139 1137 3216 Τήλεφον
1161 3131 1229 3199 εἴτε.
1256 3136 1317 3199 Ad-

197 3250 245 3313 dit
277 3249 319 3312 N.
352 3272 460 3332 „quae
490 3249 601 3313 dubito
632 3273 707 3312 num
736 3257 819 3313 recte
844 3274 876 3312 se
900 3249 1064 3312 habeant.''
1088 3248 1205 3311 Verum
1229 3249 1316 3311 nulla

198 3369 245 3425 est
265 3361 445 3425 dubitandi
479 3384 587 3438 eausa3
620 3362 715 3439 locus,
749 3384 817 3424 meo
840 3361 965 3443 quidem
989 3361 1115 3437 iudicio,
1142 3383 1235 3424 sanus
1257 3367 1313 3423 est.

197 3474 267 3537 dam
303 3497 319 3537 e
348 3473 386 3536 fr.
419 3476 481 3537 706
515 3473 662 3537 efficimus
693 3472 829 3555 aliquem
861 3472 1048 3536 Graecorum
1077 3473 1156 3535 nrale
1181 3472 1316 3557 Telepho

186 3585 309 3670 dixisse
343 3585 437 3666 idque
473 3585 601 3670 Telephi
637 3586 748 3668 (ignoti
777 3585 891 3669 adhue)
924 3585 1017 3649 bilem
1045 3586 1184 3648 movisse.
1218 3585 1317 3662 Docet

198 3703 302 3760 autern
334 3696 436 3759 Schol.
469 3696 598 3760 Aristid.
629 3695 781 3761 Graecum
805 3698 896 3760 illum
921 3698 1015 3760 fuisse
1039 3698 1190 3782 Ulyssem.
1217 3697 1316 3760 Simul

198 3833 253 3873 nos
276 3811 366 3874 docet
388 3810 465 3892 quid
488 3810 542 3872 ille
566 3810 687 3872 dixerit.
709 3810 787 3893 Regi
807 3810 967 3893 Mysorum
989 3812 1063 3873 vitio
1087 3812 1317 3893 verteratquod

199 3945 269 3984 eum
304 3921 430 3984 Graecis
467 3945 647 4005 congressus
679 3930 754 4001 erat,
787 3929 818 3985 et
848 3922 977 4007 probare
1009 3929 1137 3986 conatus
1161 3930 1227 3986 erat
1249 3925 1317 3986 iure

198 4034 331 4097 Graecos
363 4033 534 4118 Telephum
559 4035 745 4113 vulnerasse,
771 4042 807 4096 ut
831 4058 862 4098 se
886 4034 1087 4098 defenderent
1111 4035 1237 4098 seilicet.
1263 4035 1318 4099 Te-

196 4146 307 4231 lephus
331 4154 435 4209 autem
461 4146 568 4209 eodem
592 4155 785 4230 argumento,
811 4148 917 4209 eadem
941 4170 1004 4210 non.
1028 4150 1141 4231 scripta
1166 4149 1219 4211 sed
1242 4156 1315 4212 nata

196 4260 265 4342 lege
287 4258 391 4323 utitur
414 4257 596 4343 probatque,
622 4262 647 4322 si
668 4260 793 4322 Graecis
813 4260 937 4322 licuerit
956 4283 988 4323 se
1008 4260 1180 4339 defendere,
1195 4283 1315 4324 summo

197 4372 266 4434 iure
288 4366 380 4433 idem¹
393 4371 516 4434 licuisse
540 4374 604 4455 regi
628 4373 717 4434 euius
739 4371 815 4434 fines
837 4373 1040 4435 transiissent.
