3218 5370
266 638 305 699 58
737 659 863 702 vnsran.

242 834 295 899 Vs·
321 828 402 898 713.
427 834 479 898 acl
510 836 542 898 τὸ
573 832 657 914 ξίφος
688 837 719 898 οὐ
752 833 882 912 δύνοιμοιι
906 836 1044 914 κατέχειν
1067 839 1138 901 ἀλλ’
1162 836 1215 910 ἤδη
1241 840 1361 914 baala-

1207 949 1270 1032 [κός
1293 949 1360 1025 εἰμι.

286 1057 357 1120 Vid.
381 1059 429 1121 ad.
455 1055 526 1140 Lys.
555 1060 625 1119 155.

241 1280 294 1343 Vs.
320 1271 401 1343 729.
449 1280 529 1342 πιθοῦ
551 1281 631 1342 πιθοῦ
654 1282 773 1355 λόγοισι,
803 1280 874 1355 μηδ’
898 1277 998 1360 ἄφρων
1021 1280 1101 1359 γένρ,

452 1389 523 1467 μηδ’
552 1390 656 1462 οὲτενὶις
680 1391 759 1467 ἄνοον
779 1390 937 1471 οὲτεροὲμων
961 1392 989 1454 τ’
1013 1393 1091 1472 οὶνήρ.
1116 1393 1176 1456 κτὲ.

288 1503 421 1567 Numeri
455 1527 512 1566 vss.
551 1505 624 1580 730,
662 1505 735 1580 733,
773 1505 835 1567 735
869 1511 902 1566 et
931 1504 1052 1566 antistr.
1086 1505 1158 1583 744,
1192 1509 1264 1584 747,
1299 1509 1360 1570 749

248 1619 359 1702 tragici
394 1625 478 1682 sunt.
510 1618 537 1681 Ι.
573 1617 701 1681 Richter
731 1639 757 1679 a.
790 1618 819 1679 h.
850 1618 889 1680 l.:
920 1619 1068 1701 „Aperte
1097 1625 1223 1703 propter
1251 1618 1360 1699 ἄφρων,

245 1731 359 1803 ἀτενὴς,
391 1730 544 1809 ἀτεράμων
576 1731 728 1813 tragicum
758 1730 894 1811 aliquem
916 1731 1002 1813 tangi
1026 1731 1117 1794 credo
1140 1731 1189 1794 vel
1211 1731 1363 1816 ipsissima

242 1844 376 1905 alicuius
399 1842 490 1905 verba
513 1841 643 1926 repeti?
666 1843 710 1904 At
733 1842 766 1905 in
790 1841 978 1905 carminibus
1001 1841 1130 1905 choricis
1149 1845 1271 1927 saepius
1288 1844 1363 1907 talia

242 1955 446 2017 inveniuntur
455 1982 464 2031 3
489 1954 526 2016 de
549 1954 703 2033 οὶτεροὶμων
727 1954 788 2016 vid.
814 1953 893 2016 Ach.
920 1956 992 2016 181.

247 2176 300 2239 Vs.
327 2167 409 2260 750,
532 2175 574 2250 μή
600 2198 648 2250 μοι
671 2173 778 2237 τούτων
802 2174 893 2250 μηδὲν
918 2175 1068 2252 ὑπισχνοῦ.

531 2286 626 2350 κείνων
650 2285 766 2365 ἔροιμοιι,
791 2288 857 2350 κεῖθι
880 2286 1018 2364 νενοίμοιν

530 2397 563 2460 lt'
587 2400 601 2461 ὁ
623 2395 712 2478 κήρυξ
733 2399 811 2478 φησί
831 2399 890 2462 κτὲ.

290 2513 390 2576 Schol.
409 2510 488 2574 Ven.
510 2512 546 2593 (si
569 2510 659 2573 modo
680 2509 833 2572 Dindorfii
852 2511 1084 2573 annotationem
1109 2518 1191 2574 recte
1203 2512 1362 2595 intellego)

246 2626 340 2688 κείνων
375 2622 498 2703 ἔρωμοιιε
535 2621 595 2696 Ἐξ
630 2621 806 2685 Ἱππολύτου
841 2624 906 2702 Εὐρ.
945 2621 1053 2685 Valok.
1085 2624 1123 2686 ad
1153 2620 1249 2708 Hipp.
1282 2625 1362 2685 230:

246 2738 362 2813 „Haeo
394 2734 713 2820 (κείνων-γενοίμαν)
740 2755 894 2815 nusquam
917 2734 1121 2798 inveniuntur
1143 2736 1176 2798 in
1202 2734 1363 2818 Hippolyti

245 2870 370 2931 „quam
393 2848 527 2930 legimus
551 2845 686 2909 editione
710 2853 862 2922 correcta;
888 2846 1001 2909 similia
1024 2847 1174 2929 quaedam
1199 2848 1232 2908 iu
1253 2848 1320 2910 Ale.
1335 2870 1361 2909 v.

244 2963 348 3037 „aad
380 2959 434 3022 sed
457 2957 615 3021 Phaedrae
636 2965 814 3040 congruunt
838 2965 869 3020 et
892 2959 949 3020 hoc
973 2958 1006 3020 iu
1029 2959 1095 3020 loc-o
1120 2958 1237 3042 primae
1260 2959 1361 3022 forsan

192 3051 209 3137 Ι,
243 3072 416 3148 „editionis
438 3071 561 3133 fuerant
585 3071 700 3152 posita:
725 3070 819 3132 κείνων
843 3068 959 3149 ἔρωμοιι,
981 3068 985 3156 Ι
1006 3071 1076 3133 κεῖθι
1094 3070 1245 3146 γενοίμοιν,
1258 3071 1287 3133 ἐν
1305 3078 1363 3142 σοῖς

243 3183 406 3261 ,,δοιπὲδοις
427 3181 431 3270 Ι
452 3183 565 3252 πώλους
588 3181 712 3251 Ἐνέτοις
737 3179 996 3260 δοιμοιλιζομένοι.”

288 3294 407 3358 Verum
435 3316 499 3357 uon
526 3292 684 3377 probabile
705 3299 751 3356 est
776 3293 1013 3375 Aristophanem
1038 3293 1172 3376 priorem
1196 3292 1361 3356 editionem

244 3410 352 3472 citasse
385 3430 455 3471 cum
486 3408 518 3469 in
541 3407 607 3470 eius
630 3407 697 3469 loco
721 3407 782 3468 iam
806 3405 861 3467 diu
885 3413 957 3468 ante
980 3404 1086 3488 (Hipp.
1111 3405 1146 3468 H
1171 3405 1222 3468 Ol.
1248 3408 1299 3485 87,
1326 3409 1363 3482 23

247 3521 364 3605 Vespae
388 3520 438 3582 Ol.
465 3523 516 3596 89,
542 3523 571 3601 2)
598 3519 695 3581 altera
720 3519 926 3594 successisset,
952 3539 1031 3599 qnae
1056 3540 1160 3580 versus
1179 3540 1241 3580 non
1262 3518 1364 3580 minus

216 3664 220 3670 ¹
243 3633 386 3718 parodiae
409 3641 498 3717 aptos
520 3630 691 3716 praeberet.

289 3747 405 3810 Porsen
436 3747 474 3809 de
508 3747 609 3829 priore
641 3743 814 3827 Hippolyto
846 3765 909 3805 non
940 3742 1140 3826 cogitandum
1171 3765 1235 3804 esse
1259 3749 1364 3804 censet

244 3860 295 3922 sed
319 3882 377 3922 vss.
406 3861 468 3921 215
493 3879 558 3939 sqq.
583 3858 681 3919 nostri
701 3855 864 3939 Hippolyti
883 3855 1050 3937 legendum
1071 3877 1151 3917 esse:
1172 3853 1308 3930 πέμπετέ
1327 3855 1362 3930 μ’

243 3973 282 4043 εἷς
306 3970 374 4050 ἔρος·
399 3964 457 4046 εἶμι
480 3971 547 4048 πρὸς
571 3966 643 4031 ὅλοιν
665 3966 669 4054 Ι
689 3967 740 4030 cal
764 3968 845 4047 ποιροὶ
868 3966 988 4038 πευκοις.
1012 3964 1016 4052 Ι
1037 3967 1131 4029 κείνων
1150 3963 1266 4045 ἔροιμοιι,
1285 3965 1363 4030 κεῖθι

244 4082 392 4159 γενοίμοιν,
414 4080 418 4170 Ι
439 4080 484 4144 ἵνοι
509 4083 652 4160 θνροφόνοι
675 4080 820 4156 στείβουσι
844 4079 933 4150 κύνες.
1000 4138 1003 4143 .

288 4196 332 4256 At
363 4194 419 4256 tali
451 4194 638 4269 coniectura,
670 4215 718 4254 me
750 4190 875 4274 quidem
906 4190 1018 4269 iudice,
1050 4213 1113 4253 non
1138 4212 1215 4274 opus
1239 4196 1293 4252 est.
1320 4188 1364 4250 Ut

243 4306 332 4378 ποέθος
356 4307 532 4388 tragoediae
556 4306 589 4367 in
614 4305 789 4367 memoriam
809 4311 965 4366 revocaret
985 4309 1016 4365 et
1037 4302 1223 4365 sublimibus
1237 4301 1362 4364 humili-

244 4419 302 4482 bus
332 4420 550 4503 componendis
581 4418 764 4480 cachinnum
792 4422 938 4493 moveret,
962 4438 1025 4478 non
1049 4437 1172 4478 necesse
1195 4421 1261 4477 erat
1281 4415 1364 4477 Aris·
1405 4500 1409 4506 ι
