3218 5370
743 627 860 672 sunau.
1275 611 1336 674 181

241 812 353 869 „nem,
384 790 408 854 α’
438 791 492 867 μὲν
521 789 577 872 νθιρ
607 790 702 855 οὐκέτ)
731 791 814 856 εἰσθ.”
838 792 932 873 Quod
956 815 1063 856 verum
1087 816 1151 857 esse
1174 801 1287 878 potest,
1311 818 1362 858 ne·

242 902 407 965 cessarium
431 924 493 966 non
516 909 571 966 001.
595 903 682 968 Vitio
705 911 819 984 tamen,
845 911 881 968 01
900 905 977 968 mihi
999 905 1132 982 videtur,
1151 906 1272 970 laborat
1293 908 1360 987 παρ’

242 1013 332 1078 οὐδέν.
357 1013 403 1077 De
426 1015 560 1079 facinore
584 1018 668 1099 quod
692 1019 887 1081 committere
909 1040 964 1102 pro
983 1018 1081 1081 nihilo
1098 1018 1263 1103 putabant,
1283 1019 1363 1083 dice-

243 1125 319 1190 bant
351 1127 478 1191 Graeci:
505 1130 575 1209 παρ’
599 1129 679 1193 οὐδέν
701 1131 766 1194 ἐστι’
788 1155 836 1208 μιν
861 1138 1010 1213 sequente
1035 1132 1200 1209 infinitivo,
1226 1138 1263 1194 ut
1285 1132 1361 1195 Eur.

243 1238 297 1302 Or.
332 1243 404 1318 569,
437 1243 505 1322 παρ’
534 1243 612 1306 οὐδὲν
636 1245 745 1315 αὐταῖς
770 1239 802 1317 ἦν
827 1243 862 1308 θιν
886 1244 1004 1308 ὀλλύναι
1028 1245 1135 1317 πόσεις·
1143 1273 1152 1323 3
1177 1247 1215 1310 (10
1238 1245 1363 1308 homine

242 1352 298 1435 qui
327 1352 445 1416 viribus
476 1355 647 1419 destitutus
678 1363 775 1419 esset:
800 1357 880 1420 οὐδέν
904 1359 975 1430 ἐστι,
1002 1359 1046 1420 110
1070 1364 1116 1435 01,
1141 1357 1201 1421 0101
1227 1366 1363 1442 praestet

240 1464 415 1529 emendatio
438 1467 594 1547 Fritschii,
619 1468 809 1532 Rhintonem
829 1471 853 1533 αἱ
872 1471 926 1547 μὲν
943 1470 1000 1549 γθιρ
1021 1470 1099 1534 οὐδέν
1120 1471 1173 1533 εἰσι
1193 1471 1363 1556 00000010-

242 1578 316 1640 sisse
339 1578 506 1643 verisimile
529 1581 578 1644 sit.

241 1838 295 1903 Vs.
321 1829 377 1898 93.
442 1841 598 1918 χελιδόνων
620 1848 751 1919 μουσεῖα.

287 1952 387 2016 Schol.
424 1953 506 2032 παρα
485 1977 579 2017 ατα
609 1955 638 2018 ἕν
668 1955 826 2034 Ἀλκμήνα
857 1955 1032 2035 Εὐριπίδιυε
1066 1955 1157 2026 πολὺς
1188 1955 1213 2018 δ
1247 1956 1363 2035 ανειρνιε

239 2068 349 2164 picoto,
373 2066 486 2146 εὐφυὴς
510 2065 800 2155 καθδος,1ιὲνδθναν
825 2068 1044 2146 0000010010.
1070 2072 1121 2131 89.

244 2316 298 2381 Vs.
325 2309 427 2380 97..
508 2312 624 2386 ὃ.’στις
650 2319 731 2395 ρῆμα
761 2323 892 2394 γενναῖον
915 2315 1007 2379 aanor.
1035 2315 1095 2378 vid.
1121 2316 1159 2379 ad
1182 2316 1260 2379 Ach.
1285 2318 1361 2378 410.

243 2557 402 2630 110100.
439 2561 513 2643 αἲθέρ
516 2563 630 2634 adedo
652 2561 848 2639 denotaret,
833 2565 974 2642 νχρθνιιι
998 2562 1085 2634 πόδα,

440 2675 456 2750 ἢ
482 2675 574 2757 opta
598 2676 652 2753 μὲν
676 2676 727 2740 οὐκ
750 2676 901 2740 ἐθέλουσαν
925 2676 1029 2754 θμθσαι
1053 2677 1151 2740 καθ’
1141 2681 1226 2757 ιερῶν,

441 2793 580 2866 γλῶτταν
604 2787 629 2852 δ’
658 2788 869 2868 ἐπιορκήσασαν
892 2789 949 2870 ἰδία
972 2795 1025 2861 τῆς
1049 2789 1158 2869 φρενός.

286 2927 388 2992 Schol.
425 2929 487 2989 100
517 2926 673 3005 Εὐριπίδαν
702 2927 735 2988 ἐκ
765 2925 983 2997 Mensulam:
1015 2924 1124 3002 θμνυριι
1148 2926 1173 2989 δ’
1199 2927 1253 3006 ἱρὸν
1276 2925 1361 3006 αἰθέρ’

241 3038 346 3112 οἴκησιν
379 3039 455 3111 Διθς.
489 3038 522 3100 Si
552 3038 635 3101 hunc
655 3038 769 3104 iocum
800 3039 935 3121 respexit
963 3038 1109 3117 comicus,
1133 3037 1300 3115 „iniusta”
1324 3046 1361 3101 ut

242 3153 364 3238 scripsit
394 3153 446 3215 Fr.
470 3201 490 3229 „
501 3158 532 3215 01
555 3158 622 3214 toto
644 3173 757 3234 genere
780 3152 885 3214 ieiuna
909 3152 1033 3214 videtur
1056 3175 1185 3214 censura
1208 3151 1359 3234 lususque

241 3267 330 3344 „iste
361 3264 608 3349 Aristophanis.’'
640 3263 684 3327 Ut
714 3263 898 3348 Euripidem
928 3264 1129 3327 defenderent
1155 3266 1297 3327 certatim
1318 3272 1362 3327 01-

241 3379 386 3442 tulerunt
417 3378 602 3462 interpretes
631 3376 712 3439 illud
743 3376 871 3439 Homeri
896 3375 967 3447 Ζεὺς
991 3377 1075 3457 αἰθέρι
1100 3377 1192 3449 ναίων,
1217 3378 1362 3440 0100011-

242 3515 313 3556 oum
344 3493 466 3577 saepius
496 3490 623 3554 minime
646 3539 666 3568 ,,
678 3490 743 3553 0100
765 3491 811 3552 ira
836 3495 867 3552 01
891 3490 1015 3553 studi0'’
1036 3489 1197 3570 iudicasse,
1224 3513 1259 3553 00
1283 3511 1362 3572 quae

242 3607 280 3670 de
312 3605 437 3668 Socrate
468 3609 499 3666 01
529 3604 650 3666 Pericle
673 3604 807 3688 protulit
831 3602 1018 3666 documento
1044 3608 1126 3665 sunt.
1152 3603 1372 3681 „Attamen,’''

242 3719 285 3782 sic
308 3718 411 3803 pergit
430 3717 493 3794 Fr„
517 3715 713 3801 „Euripides
736 3715 774 3778 ab
798 3718 981 3799 Anaxagora
1004 3716 1190 3801 philosopho
1213 3716 1362 3781 inductus

241 3831 363 3910 „toties
387 3830 542 3893 aetherem
566 3830 756 3908 memoravit,
771 3878 866 3893 .....
892 3836 927 3891 01
950 3829 1083 3892 aetheris
1107 3829 1264 3892 mentione
1281 3829 1362 3892 facta

240 3943 319 4021 „vel
350 3945 383 4006 in
414 3943 531 4026 optima
554 3964 647 4006 causa
669 3942 803 4005 derideri
828 3965 845 4003 a
868 3941 1003 4005 Cornicis
1026 3948 1130 4025 posset
1155 3940 1249 4024 vulgo
1274 3942 1360 4025 plau-

241 4054 393 4132 „dente”
427 4053 515 4134 Quae
543 4076 614 4116 vera
641 4060 725 4131 sunt,
758 4055 783 4116 si
813 4054 983 4137 excipimus
1013 4074 1093 4136 quae
1117 4053 1155 4116 de
1179 4054 1362 4137 Anaxagora

241 4167 357 4247 scribit,
383 4167 419 4230 cs.
445 4167 483 4229 ad
506 4167 629 4229 Thesm.
655 4169 706 4230 13.
730 4166 842 4250 Neque
864 4168 967 4229 minus
989 4167 1105 4229 iniuste
1125 4167 1240 4251 carpsit
1259 4166 1362 4246 χρθναι

241 4283 326 4354 noha,
351 4280 454 4359 verba,
474 4287 553 4344 teste
571 4281 745 4358 scholiasta,
767 4304 804 4343 ex
823 4280 999 4344 Alexandro
1012 4280 1087 4343 Eur.
1101 4282 1199 4364 petita
1213 4280 1359 4358 011,,κα1

240 4392 342 4474 χρθνοιι
372 4392 528 4471 πριθβαινε
556 4390 658 4466 πιθς.”
688 4393 805 4456 Eadem
835 4393 931 4456 dictio
960 4394 1115 4478 reperitur
1145 4392 1256 4457 Bacch.
1284 4396 1358 4471 889,
