3218 5370
740 620 855 664 nnuau.
1269 603 1331 667 171

240 786 383 865 πτάμενος
413 788 533 868 εἰναλίῳ.
566 787 637 872 Iph.
671 787 763 850 Taur.
798 791 881 850 1120
907 787 1096 865 μεταβάλλει
1120 790 1180 862 ari,
1205 789 1289 873 quod
1315 797 1359 853 ta

240 924 311 964 men
333 900 461 965 verbum
485 907 517 964 et
539 902 694 966 sententia
717 909 749 965 et
772 901 914 986 strophae
937 903 1060 965 numeri
1084 909 1246 986 respuunt.

284 1014 427 1079 Fortasse
456 1015 487 1079 in
517 1015 587 1078 aliis
617 1015 764 1078 dramatis
796 1015 921 1100 saepius
952 1016 1090 1099 peccavit
1118 1014 1301 1100 Euripides;
1325 1017 1359 1080 in

239 1126 458 1211 superstitibus
479 1135 528 1191 ter
550 1134 686 1191 tantum.
1061 1108 1064 1114 Ι

284 1239 402 1324 Lepide
435 1240 636 1304 coniecerunt
665 1239 765 1304 Bothe
797 1248 829 1303 et
858 1241 999 1317 Eritsche
1021 1240 1112 1303 illurn
1136 1242 1191 1324 qui
1216 1242 1361 1326 Aeschyli

241 1359 344 1436 partes
366 1352 485 1437 agebat,
511 1354 559 1416 his
582 1352 683 1417 verbis
706 1354 839 1438 puellae,
865 1353 975 1417 Musae
1001 1353 1172 1438 Euripidis,
1199 1356 1361 1440 amplexus

241 1466 432 1550 expetivisse.

241 1686 294 1751 Vs.
321 1680 424 1752 1327.
526 1688 586 1752 daal
607 1688 640 1753 τὸ
664 1688 914 1766 δωδεκαμήχανον

529 1802 656 1881 Κυρήνης
680 1805 847 1878 μελοποιῶν.

286 1914 388 1978 Schol.
412 1912 473 1979 ἔστι
496 1915 527 1977 δὲ
550 1914 631 1993 παρὰ
652 1914 693 1977 τοὶ
715 1911 748 1988 ἐξ
768 1914 939 1993 Ὑψιπύλης
959 1918 1024 1997 Εὐρ.
1038 1918 1171 1995 „striari
1186 1918 1359 1994 δωδεκαμή-

240 2051 333 2107 χανον
367 2026 488 2107 ἄστρον”
521 2029 602 2111 (curn
627 2026 729 2090 Schol.
755 2025 793 2091 V.
803 2055 812 2105 ;
837 2029 897 2090 alia
920 2051 1079 2114 perperam
1104 2028 1216 2110 ἄντρον.
1242 2030 1361 2094 Eadem

243 2140 335 2205 verba
365 2147 542 2226 permutata
571 2148 645 2204 sunt
672 2141 709 2203 fr.
736 2139 827 2226 Soph.
856 2143 917 2204 571
944 2142 995 2227 D.)
1020 2144 1041 2205 i.
1066 2167 1092 2206 e.
1117 2194 1136 2222 ‚,
1147 2143 1203 2222 sol,
1227 2144 1282 2225 qui
1307 2166 1361 2228 per

243 2254 438 2333 „duodecim
462 2253 583 2317 Zodiaci
607 2255 694 2337 signa
716 2254 857 2317 transit.”
879 2254 930 2318 Er.
957 2255 1042 2319 Vitio
1068 2256 1162 2319 vertit
1185 2256 1362 2338 Aeschylus

243 2367 389 2452 Euripidi
415 2368 481 2431 eius
505 2368 612 2450 poesin
635 2389 698 2430 non
717 2367 755 2430 ad
780 2374 895 2430 certam
918 2367 1032 2451 pedum
1057 2369 1272 2431 necessitatem
1296 2368 1361 2431 alli·

244 2488 348 2565 gatam
372 2504 436 2544 esse
460 2503 594 2563 eumque
618 2481 708 2543 variis
732 2480 831 2544 modis
851 2481 933 2544 sicut
955 2480 1063 2545 lubeat
1087 2503 1231 2544 numeros
1251 2481 1361 2543 immu-

242 2600 318 2656 tare.
351 2591 397 2656 cf.
431 2592 584 2657 Gaisford.
613 2593 651 2655 ad
683 2591 946 2677 Hephaestionem
977 2616 1001 2657 c.
1034 2591 1111 2656 XVI
1142 2593 1180 2657 de
1202 2594 1358 2678 polysohe·

240 2705 382 2769 metistis.

286 2817 360 2881 Non
383 2824 498 2895 tamen,
523 2819 640 2902 opinor,
664 2839 808 2880 numeros
831 2822 956 2880 tantum
976 2808 1370 2902 11110111011011110101,0011·Ι

241 2938 347 2995 torrem
369 2954 429 2996 vss.
456 2933 672 2994 laos-1322
697 2930 870 3014 composuit
892 2932 958 3009 An,
979 2929 1031 2993 sed
1051 2938 1089 2993 ut
1101 2930 1247 2994 studium
1268 2931 1360 2995 simul

241 3043 402 3128 Euripidis
431 3049 554 3107 notaret
584 3043 757 3106 carminum
786 3042 995 3106 ornandorum
1019 3043 1202 3126 multigenis
1225 3042 1361 3106 flosculis

243 3157 296 3240 qui
330 3179 402 3219 are
425 3156 516 3240 plane
539 3155 640 3218 aliena
663 3161 747 3218 sunt.
774 3154 806 3216 Si
831 3154 979 3238 exemplis
1003 3176 1079 3239 opus
1103 3160 1158 3232 est,
1186 3155 1256 3218 vide
1279 3177 1308 3217 v.
1333 3177 1359 3217 0.

243 3269 339 3354 Hipp.
375 3273 435 3333 121
468 3291 534 3352 sqq.
557 3268 752 3332 Narraturus
775 3266 948 3331 Phaedram
970 3267 1056 3351 gravi
1080 3265 1219 3329 laborare
1242 3264 1359 3345 morbo,

242 3383 355 3447 chorus
385 3390 455 3468 post
484 3383 614 3466 longum
637 3383 762 3445 demum
786 3381 955 3444 circuitum
977 3402 1030 3464 per
1053 3381 1202 3442 Ὠκεανοῦ
1227 3375 1297 3458 ὕδωρ
1321 3401 1357 3441 00

243 3519 305 3579 quo
334 3497 391 3560 sibi
421 3496 583 3581 proposuit
606 3495 757 3580 pervenit,
783 3494 927 3576 idemque
951 3516 1009 3558 vss.
1038 3493 1098 3556 733
1123 3514 1189 3574 sqq.
1214 3514 1286 3576 prae
1311 3490 1362 3554 do·

242 3600 412 3673 1010101111
433 3609 589 3673 discedere
613 3609 751 3693 cupiens,
771 3607 853 3671 notis
872 3605 1084 3691 geographicis
1104 3605 1260 3688 querelam
1273 3627 1361 3668 suam

241 3721 390 3785 illustrat.

240 3944 294 4009 Vs·
322 3937 413 4006 l33l
439 3965 503 4026 sqq.
528 3939 579 4005 Ὦ
603 3942 720 4013 Ννκτδς
743 3941 942 4021 κελαινοφαὴς

529 4054 632 4136 ὄρφνα,
655 4055 721 4118 τίνα
743 4077 792 4131 μον

529 4168 667 4231 δύστανον
691 4165 789 4247 ὄνειρον

528 4280 657 4358 πέμπεις
679 4278 712 4353 ἐξ
734 4281 878 4360 ἀφανοῦς,
904 4279 963 4342 ari.

286 4395 372 4474 Quid
393 4395 426 4458 in
450 4395 505 4457 hac
529 4394 671 4456 monodia
695 4392 744 4475 (110
768 4414 830 4474 qua
851 4391 921 4454 vide
944 4390 1042 4454 Kock.
1066 4414 1093 4454 a.
1119 4390 1150 4454 11.
1174 4390 1207 4473 1.)
1231 4388 1358 4472 Euripi-
