3218 5370
272 631 338 691 164
545 627 548 634 ’
752 649 868 692 arnan.

250 813 327 890 chio,
364 812 400 874 lr.
441 815 503 874 236
535 810 577 875 N.
615 814 675 877 237
708 812 758 889 D„
790 820 822 875 et
853 812 954 876 Schol.
987 812 1066 876 Ach.
1099 815 1161 875 332
1186 811 1241 875 ubi
1263 821 1368 877 tamen

252 924 397 1007 Aeschyli
422 947 535 988 nomen
555 948 618 989 non
637 927 810 1009 genuinum
830 932 886 989 est.
907 926 1130 1010 Fragmentum
1153 929 1214 989 235
1236 925 1289 1007 N„
1305 930 1369 990 236

251 1037 291 1100 D.
316 1045 424 1100 utrum
447 1037 523 1101 huic
546 1036 676 1101 dramati
700 1061 740 1101 an
765 1037 862 1121 Mysis
879 1037 1081 1102 tribuendum
1101 1039 1142 1102 sit
1161 1038 1238 1101 effici
1249 1039 1370 1121 nequit.

250 1259 305 1325 Vs.
332 1253 435 1324 1273.
473 1262 654 1341 casapetra
670 1260 871 1338 μελισσονόμοι
884 1261 970 1338 δθμον
983 1260 1154 1341 Ἀρτέμιδος
1167 1261 1261 1333 πέλοις
1273 1259 1369 1338 οίγειν.

296 1373 398 1437 Schol.
429 1374 466 1436 R.
492 1382 523 1437 et
548 1373 586 1437 V.
611 1375 643 1436 ἐκ
666 1378 722 1436 τῶν
747 1374 859 1454 Ἱερειῶν
882 1373 1045 1453 Αἰσχύλου.
1070 1373 1240 1458 Tragoedia
1263 1373 1371 1453 Ἱέρειοιι

251 1488 343 1570 quale
373 1495 594 1570 argumentum
626 1486 771 1549 habuerit
794 1508 892 1569 aeque
915 1487 1056 1570 ignotum
1081 1494 1137 1550 est.
1163 1487 1311 1571 Mysteria
1336 1487 1370 1549 in

250 1622 285 1663 ea
308 1600 446 1684 tetigisse
471 1599 661 1683 Aeschylum
685 1606 791 1662 narrat
813 1599 1000 1662 Eustathius
1022 1622 1071 1685 ap.
1092 1599 1134 1662 N.
1156 1605 1188 1662 et
1206 1599 1243 1663 D.
1263 1600 1300 1662 lr.
1315 1601 1369 1662 83.

295 1712 506 1789 Μελισσονθμοι
537 1719 611 1776 sunt
641 1712 822 1775 sacerdotes
846 1712 933 1775 Num
957 1735 1029 1776 vero
1051 1735 1164 1775 nornen
1188 1712 1328 1790 μέλισσοιι
1352 1735 1371 1774 a

250 1823 391 1901 μέλεσθαι
426 1825 474 1888 vel
503 1848 520 1886 a
550 1825 707 1902 μειλίσσοιο
738 1824 882 1908 (Lobeck,
907 1833 939 1888 et
961 1825 1050 1888 Kocli
1072 1848 1099 1888 a.
1124 1825 1154 1888 h.
1179 1825 1212 1907 l.)
1236 1825 1370 1888 derivari

251 1937 358 2020 possit,
382 1935 503 1999 dubito.
527 1937 640 2020 Pythia
664 1960 712 2022 ap.
738 1936 828 2000 Pind.
852 1937 943 2021 Pyth.
967 1938 1015 2001 lv
1040 1941 1079 2001 60
1101 1937 1230 2015 μέλισσοι
1251 1938 1369 2018 Δελφίς

250 2056 389 2111 vocatur.
424 2048 614 2132 Porphyrius
649 2048 686 2111 dc
719 2056 808 2112 antro
838 2049 975 2134 Nymph.
1009 2073 1056 2134 ap.
1081 2048 1211 2114 Fritsch.
1237 2073 1264 2113 a.
1291 2050 1320 2113 h.
1346 2049 1367 2113 l.

251 2162 380 2234 Σελνίννν
410 2185 444 2223 σε
474 2155 560 2224 οὔσοιν
588 2159 725 2238 γενέσεως
749 2161 937 2241 ιιροσσοίσιδοι,
963 2161 1117 2225 Μέλισσον
1141 2160 1270 2226 ε’κοίλουν.
1297 2162 1370 2225 Una

251 2295 322 2336 cum
346 2271 514 2336 Curetibus
537 2279 747 2337 memorantur
765 2273 931 2359 Nymphae
951 2275 1057 2346 παῖδες
1076 2274 1247 2347 Μελισσέως
1260 2275 1366 2360 Apoll.

251 2385 268 2447 I
292 2388 320 2464 l,
347 2390 375 2448 6.
401 2386 540 2450 Verbum
563 2396 643 2451 Μελ.
668 2387 796 2450 fortasse
820 2385 984 2450 barbarum
1008 2393 1064 2464 est,
1088 2393 1125 2450 ut
1145 2385 1259 2465 κίλινον,
1282 2389 1367 2470 quod

250 2523 266 2562 e
290 2499 377 2583 Syria
400 2502 567 2565 oriundum
592 2525 655 2563 esso
680 2501 812 2579 videtur,
837 2501 1019 2583 similiaque.
1045 2499 1215 2563 Scholiasta
1234 2513 1368 2563 σολισσο

250 2611 328 2689 νθμοι
351 2613 462 2695 legisse
485 2613 619 2676 videtur.

249 2834 303 2898 Vs.
330 2826 434 2897 1276.
462 2827 560 2913 Ικθριίς
583 2834 642 2909 εἶμι
666 2834 750 2913 θροεῖν
773 2830 849 2895 θδιον
871 2831 974 2911 κροίτος
997 2830 1087 2896 κίσιον
1110 2832 1225 2911 ἀνδρῶν.

250 2946 360 3008 Aesch.
389 2947 445 3028 Ag.
472 2947 545 3007 104.

250 3170 304 3234 Vs.
331 3161 423 3230 1285
449 3189 514 3252 sqq.
540 3165 616 3237 ὅπως
640 3167 775 3245 Ἀχοιιῶν
798 3167 913 3247 δίθρονον
936 3165 1048 3246 κροίσος,
1075 3166 1221 3254 Ἑλλοίδος
1244 3164 1334 3244 ἱίβιις,

536 3278 666 3358 Σφίγγοι
688 3278 864 3358 δυσαμεριᾶν
889 3276 1026 3357 κριίτοινιν
1048 3277 1122 3341 κιίνοι
1144 3277 1255 3355 πέμπει
1337 3328 1340 3335 ,

535 3388 585 3463 ξὺν
609 3388 666 3470 δορὶ
691 3388 742 3453 κοιδ
766 3389 833 3470 χερὶ
857 3389 992 3470 νιροίκσορι
1016 3389 1115 3471 θούριος
1138 3389 1207 3471 θρνις

534 3510 627 3582 κυρεῖν
650 3504 814 3582 σοιροισχὼν
839 3503 966 3579 ἶσοιμοιῖς
989 3501 1072 3567 κυσὶν
1095 3502 1271 3584 ἀεροφοίτοις

532 3616 564 3678 τὸ
587 3614 740 3691 συγκλινές
760 3616 787 3677 ν’
812 3613 858 3678 ἐπ’
888 3613 1003 3680 Αίοινσι.

290 3727 496 3792 Festivissime
522 3727 603 3790 ridet
622 3727 847 3810 Aristophanes
868 3733 1040 3790 contortam
1060 3749 1150 3811 saepe
1170 3733 1201 3789 et
1213 3727 1305 3790 nimis
1318 3749 1362 3789 ar·

240 3841 403 3906 tificiosam
422 3840 554 3923 ideoque
573 3840 736 3904 obscuram
756 3842 927 3904 orationem
948 3840 1095 3924 Aeschyli
1109 3840 1259 3923 (quamvis
1272 3839 1361 3903 allati

243 3978 280 4018 eu
309 3954 369 4038 Ag.
396 3976 502 4018 versus
525 3954 598 4016 satis
621 3953 777 4037 perspicui
800 3953 887 4036 sint),
912 3952 978 4015 eius
1002 3951 1095 4015 verba
1118 3951 1306 4034 detorquens
1332 3957 1364 4012 et

240 4067 387 4131 dissectas
415 4074 519 4150 partes
551 4066 695 4130 carminis
726 4065 871 4129 disiciens
895 4064 1025 4147 aliisque
1047 4063 1234 4149 permiscens
1257 4063 1302 4124 ita
1325 4067 1363 4125 ut

243 4180 342 4243 omnis
369 4203 443 4243 sana
463 4185 625 4243 evanescat
643 4179 797 4242 sententia
814 4182 846 4241 et
864 4177 945 4241 nihil
961 4177 1019 4240 nisi
1032 4175 1258 4261 sesquipedalia
1269 4173 1363 4238 verba
1398 4262 1403 4267 -

240 4291 473 4374 relinquantur.
508 4291 597 4372 Quae
627 4298 738 4354 tamen.
753 4291 886 4375 speciem
910 4290 1076 4372 quamdam
1101 4296 1196 4371 atque
1220 4287 1363 4351 umbram

241 4399 412 4469 sententiae
441 4405 585 4484 habeant,
613 4406 658 4468 ita
685 4412 722 4468 ut
752 4412 784 4468 et
811 4411 1001 4490 postremum
1024 4404 1057 4468 τὸ
1081 4401 1234 4481 συγκλινές
1260 4400 1287 4464 τ’
1313 4400 1361 4464 ἐπ’
