3218 5370
618 1751 1012 1853 EQUITES.

256 2298 309 2362 Vs.
336 2293 367 2360 9.
484 2298 640 2373 vaxvrr‘xv
663 2301 837 2377 κλκύσωμεν
862 2300 1029 2377 Οὐλύμπου
1053 2301 1145 2378 νόμον.

300 2413 396 2496 Epica
424 2413 521 2476 forma
545 2412 710 2489 Οὔλνμπνς
734 2414 850 2496 legitur
876 2414 969 2476 etiam
994 2413 1069 2476 Eur.
1095 2417 1187 2477 Herc.
1212 2416 1272 2478 for.
1299 2419 1372 2480 872.

256 2524 342 2589 Haec
355 2527 419 2610 ipsa
432 2526 522 2589 verba
535 2548 571 2587 ex
583 2526 687 2608 aliqua
698 2526 857 2609 tragoedia
869 2526 1011 2589 desumto
1024 2550 1088 2590 esse
1102 2536 1205 2590 censet
1219 2528 1372 2591 Meineke.

256 2749 310 2812 Vs.
337 2740 391 2809 15.
469 2752 529 2818 πῶς
549 2746 584 2810 ἂν
606 2747 642 2809 σύ
665 2771 713 2824 μοι
735 2745 848 2820 uttam
872 2748 933 2825 νὶμὲ
957 2749 1015 2828 χρὴ
1037 2748 1150 2826 tipum

301 2861 432 2924 Parodie
455 2882 560 2922 versus
584 2860 659 2922 Eur.
685 2859 779 2944 Hipp.
806 2863 879 2922 345.

477 2977 538 3042 πῶς
561 2972 597 3034 ἂν
620 2972 656 3034 νύ
679 2996 728 3048 μοι
752 2971 866 3046 λέξειας
890 2975 951 3050 ἁμὲ
974 2975 1034 3054 χρὴ
1059 2974 1153 3051 λέγειν

299 3085 360 3149 Pro
389 3087 448 3164 χρὴ
477 3085 580 3168 Bergk
613 3091 644 3147 et
673 3085 796 3162 Nauck,
826 3086 915 3149 Stud.
940 3086 1015 3149 Eur.
1039 3087 1074 3149 ΙΙ
1101 3089 1152 3164 12,
1175 3094 1374 3150 correxerunt

254 3208 339 3279 χρῇς,
361 3200 381 3260 i.
406 3221 432 3261 e.
456 3200 537 3262 uelis.

298 3309 394 3394 Saepe
418 3314 479 3381 πῶς
502 3310 538 3372 ἄν
561 3333 632 3372 cum
655 3333 717 3373 aor.
742 3318 817 3394 opt,
841 3313 861 3373 i.
887 3335 912 3373 c.
939 3313 1061 3389 utinum,
1082 3311 1165 3394 apud
1190 3312 1372 3396 Euripidem

257 3425 401 3501 occurrit,
428 3424 466 3487 cf.
491 3422 599 3486 Valck.
624 3425 660 3487 ad
687 3423 782 3509 Hipp.
809 3427 871 3486 208
895 3447 996 3507 neque
1020 3425 1133 3488 desunt
1157 3424 1240 3508 apud
1260 3424 1374 3509 Sopho-

255 3539 333 3602 clem
357 3539 507 3622 excmpla.
533 3540 683 3622 Aj..388,
708 3537 746 3600 O.
773 3538 809 3601 R.
837 3542 909 3615 765,
935 3539 1018 3601 Phil.
1046 3539 1117 3601 794.

255 3759 308 3821 Vs.
334 3752 391 3821 30.
483 3759 626 3839 κράτιστοι
649 3760 739 3822 τοίνυν
762 3764 817 3823 τῶν
839 3760 984 3839 παρόντων
1005 3758 1068 3821 ἐστὶ
1092 3761 1144 3838 νῷν

474 3870 549 3935 θεῶν
574 3871 644 3934 ἰόντε
668 3879 838 3952 προσπεσεῖν
863 3896 912 3935 νον
936 3873 1003 3950 πρὸς
1029 3870 1146 3950 βρέτας.

298 3984 405 4064 Βρέτνς
436 4008 453 4046 a
483 3986 670 4047 comicorum
699 3984 847 4066 loquendi
877 4004 940 4045 usu
964 3984 1099 4046 alienum
1127 3990 1174 4046 est
1198 3982 1280 4066 (Lys
1309 3984 1370 4045 272

255 4098 389 4161 occurrit
423 4099 455 4160 in
490 4099 624 4162 carmine
656 4099 787 4179 chorico)
818 4103 850 4159 et
880 4095 1043 4159 verborum
1067 4098 1100 4160 iu
1125 4097 1209 4160 hisce
1233 4096 1371 4160 versibus

254 4211 435 4294 compositio
466 4211 613 4293 grandior
638 4218 684 4273 est
707 4232 800 4292 quam
825 4216 966 4293 expectes
990 4232 1007 4271 a
1032 4210 1127 4272 servis
1150 4211 1232 4272 inter
1257 4233 1288 4272 se
1313 4233 1372 4272 ser·

256 4322 493 4385 mocinantibus.
526 4322 688 4386 Praeterea
718 4323 744 4384 si
776 4321 807 4383 h.
839 4321 859 4384 l.
892 4344 953 4384 non
977 4322 1085 4384 alienis
1109 4320 1162 4385 sed
1185 4323 1249 4384 suis
1273 4320 1371 4383 verbis

253 4457 328 4499 usus
353 4441 432 4497 esset
456 4457 571 4513 servus,
596 4456 656 4497 non
681 4433 861 4517 protulisset
884 4434 1057 4512 consilium,
1079 4434 1163 4516 quod
1182 4435 1320 4516 ingenuo
1332 4431 1370 4496 ab
