3218 5370
694 535 820 578 vnsrrn.
1251 523 1291 582 63

198 710 230 765 et
263 725 306 766 vs.
344 705 384 764 64
415 701 648 764 Andromache:
680 696 700 763 ὦ
733 701 866 780 Φιλτᾶπν
900 701 1044 775 σύνδουλε,
1078 703 1229 776 σύνδουλος
1260 705 1317 784 χᾶρ

199 807 246 898 εἷΙ
266 822 302 894 τῇ
323 812 418 894 πρόσθ’
442 812 556 892 ἄνᾶσσρ
581 814 660 892 τῇδε.
686 812 731 874 Of.
757 812 828 876 Hel.
857 816 952 876 1193.

200 1037 252 1099 Vs.
280 1029 384 1098 1336.
638 1034 738 1114 ἄνεχε,
763 1036 884 1116 πᾶρεχε.
1058 1111 1062 1118 ⁸

246 1148 346 1212 Schol.
381 1148 456 1212 Rav.
491 1150 524 1211 ἐκ
558 1147 702 1227 Τροιᾶδων
734 1148 889 1228 Εὐριπίδου
922 1148 989 1231 (ubi
1018 1149 1134 1232 legitur
1163 1172 1206 1211 vs.
1239 1153 1318 1213 308:
1438 1163 1440 1166 ’

201 1259 301 1340 ἄνεχε,
334 1260 456 1341 πᾶρεχε,
481 1265 546 1341 φῶς
570 1259 650 1341 Φέρε·
675 1260 753 1336 σέβω
779 1260 908 1343 (Dadasa)
934 1261 998 1323 Alii
1022 1267 1146 1325 contra:
1171 1262 1319 1342 ὑσπερεῖὴ

200 1373 424 1454 ’σῶνΤρῳᾶδιιν
449 1372 564 1445 κᾶἄεσις
587 1372 662 1436 ἔπεσι
686 1372 773 1445 έπσᾶ,
798 1372 883 1456 quod
900 1396 1006 1437 verum
1028 1381 1084 1438 est.
1105 1375 1188 1438 Nam
1200 1374 1319 1460 Vespae

202 1494 287 1548 actae
319 1492 393 1549 sunt
417 1485 466 1548 Ol.
493 1488 578 1563 89,3,
603 1484 736 1548 Troades
760 1492 841 1562 teste
866 1486 1007 1564 Aeliano,
1033 1486 1071 1549 V.
1096 1487 1136 1550 H.
1156 1487 1192 1549 Π
1214 1491 1243 1566 8,
1269 1488 1319 1551 01.

204 1601 243 1660 91
276 1605 317 1675 et,
348 1604 385 1660 ut
415 1597 505 1660 docet
528 1597 624 1660 schol.
649 1598 707 1660 Av.
734 1601 807 1677 842,
829 1598 913 1661 brevi
937 1605 1009 1662 ante
1033 1601 1115 1662 Aves
1139 1600 1321 1683 Aristopha-

201 1711 258 1773 nis.
290 1710 351 1772 Hic
382 1711 464 1773 enim
495 1711 612 1773 mentio
642 1710 677 1772 fit
701 1709 875 1773 Palamedis
898 1710 1058 1794 Euripidis
1081 1713 1111 1774 οὐ
1135 1711 1186 1790 πρέ
1209 1717 1319 1775 πολλοῦ

202 1822 420 1900 δεδιδαγμένου,
456 1845 550 1904 quam
585 1822 775 1904 tragoediam
805 1845 869 1888 una
902 1845 971 1886 cum
1005 1822 1176 1887 Troadibus
1199 1824 1321 1887 doctam

203 1959 267 1999 esso
298 1936 449 1998 Aelianus
478 1936 499 1997 1.
531 1935 551 1997 l.
580 1936 668 1998 testis
699 1940 745 1998 est
768 1935 818 2016 (In
843 1936 946 1999 codice
966 1935 1074 2015 Τρωσὶ,
1099 1937 1215 2016 Τρῳᾶσι
1238 1939 1324 2000 resti-

203 2048 267 2110 tuit
290 2048 479 2132 Musgrave).

247 2163 316 2224 Hoc
337 2161 519 2223 testimonio
542 2182 589 2222 res
612 2159 750 2222 confecta
767 2182 831 2223 esse
843 2160 976 2237 videtur,
986 2183 1048 2223 non
1061 2167 1165 2246 tamen
1178 2162 1321 2225 confecta

204 2280 259 2335 est.
298 2271 448 2350 Quamvis
480 2272 572 2350 enim,
605 2279 643 2334 ut
674 2273 735 2333 iam
766 2273 871 2334 statim
895 2272 1004 2349 dicam,
1031 2295 1093 2335 non
1118 2271 1248 2336 arbitrer
1272 2297 1323 2358 pa·

204 2385 321 2447 rodiam
351 2406 457 2447 versus
486 2383 648 2466 Euripidei
680 2384 753 2446 huic
784 2383 851 2446 loco
883 2384 993 2463 inesse,
1029 2406 1133 2447 vereor
1156 2391 1260 2448 tamen
1286 2393 1322 2448 ut

204 2497 278 2560 satis
299 2496 423 2559 firmum
447 2499 489 2559 sit
512 2502 733 2578 argumentum
758 2495 843 2578 quod
863 2519 878 2558 e
898 2496 1129 2580 computatione
1146 2504 1323 2580 temporum

206 2616 341 2693 petatur.
373 2607 448 2671 Non
480 2609 562 2671 enim
592 2630 691 2671 unum
721 2614 753 2670 et
780 2609 938 2690 integrum
969 2609 1073 2671 drama
1098 2607 1230 2672 Troades
1259 2633 1323 2672 esse

204 2722 350 2785 videntur
374 2721 427 2784 sed
450 2745 465 2784 e
489 2720 610 2784 duobus
634 2728 809 2784 consutum.
833 2719 912 2784 Vide
930 2721 1126 2804 Epimetrnm
1139 2722 1184 2784 ΙΙ.
1199 2721 1259 2785 Sed
1272 2723 1324 2785 ali-

206 2835 289 2899 unde
317 2841 444 2918 apparet
474 2840 597 2918 poetam
619 2857 683 2897 non
705 2835 856 2914 παρῳδεῖν.
882 2834 968 2914 Quid
992 2834 1075 2898 dicat
1098 2834 1198 2898 verbis
1221 2834 1323 2914 ἄνεχε,

206 2947 320 3028 πᾶρεχε
350 2970 411 3012 non
443 2948 569 3011 difficile
593 2954 639 3010 est
662 2947 837 3010 intellectu.
861 2946 940 3010 Cum
966 2956 997 3011 et
1021 2948 1174 3012 Casandra
1198 2956 1230 3012 et
1252 2949 1325 3011 Phi-

205 3061 325 3124 locleon
348 3060 444 3122 facem
468 3066 623 3143 gestantes
647 3066 862 3143 approperant,
888 3059 1043 3124 obiectum
1067 3060 1152 3124 verbi
1170 3059 1262 3139 ἄνεχε
1277 3069 1327 3125 est

207 3173 284 3253 δᾷδα
314 3174 437 3252 „facem
466 3195 580 3235 sarram
613 3170 711 3237 tolle”.
741 3172 830 3235 Idem
857 3172 942 3235 verbi
965 3173 1079 3253 πᾶρεχε
1101 3173 1257 3237 obiectum
1285 3176 1326 3237 sit

206 3307 328 3348 neccsse
359 3291 415 3362 est,
446 3306 561 3365 „prope
592 3282 698 3370 affer'',
729 3283 844 3362 „houd
867 3283 936 3368 bij'',
961 3292 997 3375 ut
1020 3291 1173 3350 nostrates
1198 3285 1324 3348 dicunt.

207 3398 325 3461 Eodem
348 3420 472 3482 prorsus
496 3397 586 3461 modo
610 3398 732 3482 scripsit
753 3397 920 3482 Euripides
943 3398 1013 3482 Iph.
1039 3400 1114 3461 Aul.
1143 3400 1205 3463 733

420 3519 465 3572 Κλ
484 3557 721 3573 ........
747 3510 791 3581 τίς
813 3511 980 3588 ἀνασχήσει
1005 3511 1127 3592 <Dadanu

418 3622 490 3698 Ἀχ.
514 3623 571 3698 ἐγὼ
594 3619 708 3701 παρέξω
732 3626 796 3703 Φῶς
820 3620 832 3685 ὃ
857 3622 993 3703 νυμφίοις
1018 3622 1125 3703 πρέπει.

253 3732 327 3796 'Pale
362 3733 487 3812 ἄνέχειν,
518 3734 636 3817 opinor,
669 3733 894 3797 Bacchantium
927 3757 1052 3823 quoque
1076 3742 1150 3798 erat.
1174 3736 1247 3820 Ipsa
1271 3736 1329 3801 Ca·

208 3847 320 3909 sandra
349 3844 459 3922 μαινᾶς
489 3844 591 3925 θοᾶζει,
621 3868 663 3908 vs.
689 3847 763 3925 307,
788 3852 819 3907 et
842 3847 983 3909 Bacchus
1007 3846 1132 3924 dicitur,
1157 3847 1226 3911 Ion.
1252 3852 1327 3929 tic,

208 3957 398 4039 ἄμφιπᾶρους
420 3957 535 4036 ἄνέχοον
558 3957 669 4030 πεύκας
693 3958 827 4038 λαιψηροὶ
849 3960 946 4032 πνδᾶν
966 3961 1143 4034 νυκτιπόλοις
1161 3960 1230 4039 ἄμα
1250 3987 1328 4040 συμ-

209 4070 338 4150 βᾶκχοις
361 4075 444 4156 (cum
465 4095 493 4134 v.
512 4071 613 4134 Herw.
633 4072 667 4134 in
683 4072 731 4134 ed.
753 4071 821 4134 Ion.
841 4095 867 4133 a.
885 4071 916 4134 h.
929 4072 962 4154 1.)
976 4072 1167 4152 Quinetiam
1182 4075 1329 4138 videntur

209 4180 308 4262 ἄνεχε,
342 4181 456 4263 πᾶρεχε
489 4184 555 4266 ipsa
588 4182 682 4246 fuisse
715 4182 807 4247 verba
837 4206 917 4266 quae
948 4186 1155 4250 exclamarent
1189 4187 1327 4251 Bacchae

209 4317 281 4359 cum
311 4295 429 4358 facibus
456 4303 490 4359 et
519 4295 669 4359 Bacchico
700 4302 813 4358 ornatu
838 4295 1010 4361 instructae
1032 4305 1130 4363 noctu
1153 4306 1330 4384 strepentes
