3218 5370
652 538 884 582 Acunnunnsns.

255 704 376 767 Thesm.
402 707 464 768 471
489 703 567 778 ὅμως
591 705 647 767 δ’ἐν
670 691 833 778 5151515551
854 705 910 784 χρὴ
935 705 1030 768 decret
1056 705 1156 797 lle

488 815 580 879 551551
604 815 660 896 γάρ
685 818 773 893 ἐσμεν
797 818 931 894 κούδεμί’
955 817 1066 898 ἐκφορὰ
1086 818 1183 894 λόγου.

301 928 380 992 Ach.
407 931 468 991 501
494 930 551 1006 ἐγὼ
574 929 606 992 δὲ
629 926 703 1003 λέξω
728 929 805 993 δεινοὶ
830 930 883 1006 μὲν
908 929 1068 994 515555δέ.

404 1044 467 1104 504
491 1041 575 1106 edroi
600 1042 657 1122 peip
681 1044 770 1119 ἐσμεν
783 1091 877 1104 .....

487 1152 583 1218 κοῦπω
607 1151 678 1228 ξένοι
701 1153 829 1233 erepere
844 1203 850 1216 .
865 1203 872 1216 .
889 1202 918 1216 ..

402 1267 462 1330 507
488 1264 559 1328 ἀλλ’
588 1266 677 1343 ἐσμὲν
701 1266 786 1330 edroi
802 1314 921 1329 ......

213 1377 314 1462 Rogat
337 1384 486 1463 uterque:
511 1402 549 1442 55
574 1400 708 1463 aequum
733 1385 779 1442 est
802 1401 858 1442 nos
881 1380 914 1442 in
939 1379 1082 1443 inimicos
1105 1381 1232 1444 invehi?

258 1489 379 1554 Thesm.
404 1494 468 1556 473
493 1492 523 1555 τί
543 1493 628 1554 ταῦτ’
654 1490 775 1570 11455555
799 1493 896 1555 ’κεῖνον
920 1491 1103 1570 5155155115

301 1604 379 1667 Ach.
407 1606 469 1666 514
492 1605 522 1667 τί
543 1610 643 1668 redae
666 1605 731 1677 τοὺς
756 1603 902 1677 Λάκωνας
925 1589 1109 1682 5151515555

165 1701 236 1814 Γ
258 1715 406 1801 Sequitur
437 1717 628 1780 enumeratio
660 1717 850 1800 flagitiorum
882 1717 915 1780 in
943 1717 1057 1801 quibus
1080 1725 1243 1781 versantur
1266 1741 1332 1782 mu-

213 1831 314 1908 lieres,
335 1830 457 1894 Thesm.
476 1832 661 1910 lte-516,
683 1837 714 1893 et
733 1831 905 1893 facinorum
926 1852 1005 1914 quae
1022 1838 1224 1914 patraverunt
1236 1832 1331 1895 Athe-

213 1945 345 2021 nienses,
381 1943 460 2006 Ach.
496 1945 687 2021 515—5543
720 1943 812 2006 finem
844 1943 919 2006 facit
949 1945 1104 2006 sententia
1135 1967 1151 2006 5
1180 1943 1331 2029 Telepho:

172 2073 176 2077 ·
213 2055 303 2119 Nihil
326 2062 373 2119 est
396 2055 480 2139 quod
503 2077 680 2138 queramur,
701 2056 772 2139 jure
795 2035 971 2139 plectimur,
996 2055 1117 2119 Thesm.
1146 2058 1330 2133 518-519,

213 2169 292 2232 Ach.
320 2172 502 2232 555-556.
526 2170 565 2232 15
586 2170 695 2233 multis
718 2170 814 2253 igitur
835 2170 909 2234 haec
929 2171 1117 2254 conspirant.
1138 2171 1242 2234 Aliam
1263 2193 1333 2234 cau·

213 2305 277 2346 sam
295 2283 372 2366 agit
402 2281 608 2366 Dicaeopolis‚
633 2281 724 2344 aliam
748 2281 970 2361 Mnesilochus,
995 2284 1048 2347 sed
1073 2284 1239 2365 utriusque
1263 2306 1328 2348 ora-

214 2395 308 2458 tionis
331 2395 413 2459 idem
437 2401 485 2458 est
507 2394 640 2458 schema.

258 2505 347 2586 Quae
378 2513 483 2570 autem
513 2506 609 2570 huius
641 2528 806 2570 consensus
835 2529 925 2570 causa
948 2506 1031 2570 luit?
1052 2507 1153 2571 Maior
1177 2510 1260 2572 enim
1284 2517 1331 2573 est

214 2640 307 2703 quam
330 2641 410 2703 quae
434 2620 518 2683 casui
541 2619 639 2683 tribui
661 2620 768 2703 possit.

257 2732 457 2795 Alterutrum
480 2737 654 2796 statuamus
676 2754 798 2796 necesse
822 2740 884 2796 est:
908 2741 962 2797 551
986 2733 1120 2817 pendere
1144 2733 1331 2798 Mnesilochi
1430 2805 1432 2809 ,

213 2844 386 2908 orationem
419 2844 457 2907 ab
489 2846 628 2908 oratione
657 2844 897 2930 Dicaeopolidis,
927 2855 981 2909 551
1011 2845 1136 2909 fluxisse
1166 2852 1332 2930 utramque

213 2979 230 3020 5
247 2958 404 3020 communi
423 2957 518 3021 fonte.
539 2957 683 3037 Quarum
702 2958 885 3042 opinionum
906 2957 982 3020 haec
993 2957 1072 3020 mihi
1084 2960 1185 3021 verior
1197 2960 1330 3022 videtur.

257 3067 399 3132 Minime·
417 3092 497 3153 nego
524 3076 647 3154 poetam
671 3070 705 3133 in
728 3069 818 3132 initio
843 3068 965 3133 Thesm.
989 3093 1021 3133 se
1045 3070 1146 3154 ipsum
1170 3071 1330 3135 imitatum

214 3202 294 3258 esse;
330 3180 412 3244 inter
445 3181 601 3265 colloquia
637 3183 719 3245 enim
749 3181 910 3266 Euripidis
940 3187 971 3244 et
1003 3182 1177 3266 Agathonis
1208 3183 1329 3246 Thesm.

215 3294 377 3371 89-265,
407 3292 636 3378 Dicaeopolidis
659 3301 690 3357 et
713 3294 876 3378 Euripidis
900 3295 977 3357 Ach.
1004 3296 1177 3358 tel-479
1202 3296 1332 3359 interce-

213 3405 261 3492 dit
283 3405 466 3469 similitudo.
492 3404 626 3469 Videtur
649 3406 724 3469 haec
744 3429 833 3469 scena
854 3406 1094 3469 Atheniensium
1116 3407 1262 3491 plausum
1283 3414 1332 3470 tu·

212 3517 286 3582 lisse
317 3524 349 3582 et
378 3519 438 3603 ipsi
467 3524 576 3603 poetae
606 3519 651 3580 ita
674 3518 828 3603 placuisse
852 3524 889 3580 ut
912 3520 1008 3581 risum
1031 3541 1178 3582 renovare
1201 3542 1264 3582 non
1288 3542 1332 3583 as·

212 3635 406 3713 pernaretur.
438 3632 481 3693 At
511 3631 588 3715 quid
611 3633 763 3714 estquod
787 3632 821 3695 in
845 3634 976 3695 55511555
1000 3653 1092 3714 quam
1117 3632 1330 3695 Mnesilochus

213 3741 334 3821 habuit,
369 3741 547 3805 imitaretur
581 3742 674 3806 verba
708 3742 946 3827 Dicaeopolidis,
983 3744 1059 3827 quin
1094 3745 1187 3806 etiam
1221 3743 1331 3807 iisdem

213 3854 326 3938 passim
357 3860 499 3917 uteretur
527 3854 650 3918 verbis?
681 3855 725 3918 Iis
748 3857 840 3933 enim,
865 3877 944 3939 quae
967 3858 1131 3938 utriusque
1156 3858 1332 3920 communia

213 3972 293 4051 sunt,
310 3988 371 4029 non
394 3967 560 4050 singularis
578 3968 659 4031 inest
679 3968 724 4032 vis
745 3945 871 4032 comica.
897 3970 1001 4032 Omnia
1022 3977 1124 4032 contre
1135 3972 1234 4051 plene
1245 3973 1331 4053 ficut

212 4079 240 4141 51
269 4080 395 4142 conicere
424 4081 493 4143 licet
521 4104 578 4143 555
600 4104 656 4144 cua
680 4083 773 4162 155155
797 4085 881 4146 cerba
905 4084 1053 4146 imitatum
1077 4105 1137 4146 esee
1160 4085 1331 4164 Aristopha-

212 4213 276 4255 nem
303 4195 355 4256 sed
383 4193 546 4274 Euripidis,
577 4201 606 4256 51
635 4195 827 4272 1555551555,
852 4217 922 4278 quoe
944 4196 1002 4258 155
1025 4196 1189 4274 5115515555,
1213 4197 1332 4259 delites·

210 4326 273 4368 cere
293 4305 463 4385 concionem,
486 4329 574 4390 quem
598 4307 738 4387 Telephus
760 4308 918 4371 1555115555
937 4308 1141 4388 plectebatur.-
