3218 5370
753 551 840 596 avus.
1296 534 1336 594 81

260 780 262 784 ⁴
285 719 387 782 Sclrol.
418 715 479 781 ἔστι
509 717 540 781 δὲ
563 716 644 798 τκρνὶ
666 717 707 780 rat
729 718 919 794 Ἀλκμοῖνοςε
943 715 973 787 ἔς
996 716 1023 778 τ’
1047 713 1097 780 ἔτ1
1121 715 1253 792 κυ’μκτος
1276 713 1360 788 ἔνδος

239 829 296 908 ἔμ’
318 831 489 894 ἀλκυόνεσσι
513 836 651 894 τοτοῖτκι.
677 829 779 893 Alam.
803 830 840 892 fr.
867 832 908 891 26
931 827 1045 912 Bergk.
1069 852 1099 913 p.
1127 830 1201 892 843.

242 1052 296 1118 Vs.
320 1045 402 1116 275.
436 1051 472 1134 νὴ
498 1051 549 1115 Δί’
573 1049 664 1131 ἔτερος
688 1051 764 1125 δῆτκ
788 1043 895 1129 χοῦτος
918 1047 1027 1131 ἔξεδρον
1050 1051 1149 1130 χώρκν
1173 1048 1259 1128 ἔχων.

288 1165 389 1230 Sohol.
414 1165 470 1228 Ἐκ
492 1171 545 1237 τῆς
575 1162 759 1240 Σοφοκλέους
791 1161 924 1242 δευτέροις
947 1167 1058 1243 Τυροῦς
1081 1161 1177 1242 almi:

493 1276 536 1349 τίς
559 1275 629 1355 ἔρνις
652 1271 732 1347 οὗτος
756 1272 865 1355 ἔξεδρον
888 1275 987 1355 χώρκν
1010 1273 1105 1353 ἔχωνς

289 1391 378 1472 Quae
408 1413 470 1454 non
500 1389 565 1453 sine
597 1411 689 1452 causa
719 1387 900 1451 Nauokium
925 1388 1122 1452 offenderunt
1146 1389 1212 1471 qui,
1236 1389 1273 1452 fr.
1300 1391 1361 1451 588

244 1505 386 1584 „Errant
415 1504 470 1586 qui
498 1502 542 1573 τίς
573 1499 642 1576 ὄρνις
674 1496 754 1572 οὗτος
786 1500 847 1564 κτέ.
882 1500 1043 1584 Sophoclei
1066 1500 1214 1564 dramatis
1237 1500 1365 1564 initium
1409 1501 1412 1505 ’

245 1617 370 1695 „fuisse
393 1613 554 1678 tradunt.”
578 1612 775 1676 Vocabulum
798 1613 878 1694 ἀρχὴ
902 1619 971 1699 post
993 1615 1026 1677 ἐκ
1049 1621 1102 1688 τῆς
1125 1623 1161 1676 Σ.
1183 1623 1221 1677 Τ.
1244 1636 1365 1699 suspee-

246 1738 316 1794 tum
347 1735 403 1808 est,
433 1750 535 1811 neque
558 1726 646 1790 video
670 1727 725 1810 qui
748 1749 858 1810 „quae
883 1727 957 1790 haee
979 1728 1043 1790 avis
1067 1729 1136 1811 (est)
1160 1729 1370 1812 peregrinad’

246 1841 394 1905 dramatis
425 1841 553 1904 initium
584 1840 678 1903 fuisse
707 1840 856 1924 potuerit.
887 1838 985 1903 Koek.
1010 1862 1038 1903 a.
1063 1840 1095 1903 h.
1121 1841 1143 1903 1.
1167 1840 1366 1905 dubitanter:

247 1955 340 2035 „Der
375 1956 502 2038 Anfang
535 1956 589 2018 der
624 1955 750 2017 aweiten
786 1953 867 2038 Tyro
902 1954 959 2017 soll
993 1954 1136 2037 gelantet
1167 1953 1268 2018 haben
1293 1955 1366 2039 (vgl.

248 2068 385 2154 „jedooh
417 2067 460 2133 N.
492 2068 513 2130 l.
545 2068 578 2149 1.)
600 2068 644 2139 τίς
667 2068 728 2145 κτὲ,
752 2068 858 2130 uomit
879 2065 959 2151 Tyro
982 2066 1031 2129 ihr
1055 2075 1184 2130 acnatetes
1207 2068 1302 2130 ledea
1327 2089 1366 2130 au

249 2179 430 2263 „beklagen
459 2178 610 2243 seboint.''
642 2177 761 2242 Verum
792 2180 818 2242 si
849 2179 987 2261 tragicus
1019 2201 1106 2241 avem
1136 2178 1210 2241 nido
1233 2179 1367 2262 pulsam,

249 2293 300 2356 hie
322 2293 387 2357 illio
410 2299 573 2376 vagantem
597 2291 698 2355 dicere
723 2291 881 2370 voluisset,
907 2313 980 2368 non,
1001 2291 1119 2375 opinor,
1140 2287 1249 2370 ἔξεδρον
1268 2291 1368 2371 χώρκν

250 2403 327 2485 ἔχων
359 2405 496 2485 dixisset,
527 2427 628 2488 neque
659 2400 738 2491 οὗτος
768 2405 827 2489 ipsi
856 2404 1034 2487 tragoediae
1064 2404 1154 2467 initio
1170 2410 1287 2488 ,aptum
1312 2410 1368 2467 est.

236 2517 413 2583 ‚Welokero
439 2515 527 2589 οὕτως
550 2517 678 2602 placuit,
708 2517 769 2580 Gr.
786 2522 865 2600 trag.
889 2515 907 2578 I
930 2540 960 2601 p.
985 2518 1060 2594 316,
1085 2515 1140 2579 ubi
1161 2516 1370 2600 „Aristopha-

250 2652 334 2708 „nes
365 2630 456 2715 spielt
489 2629 648 2693 vielleieht
677 2629 756 2692 auch
787 2629 883 2693 sehon
914 2652 956 2692 vs.
990 2632 1050 2691 169
1083 2629 1139 2691 auf
1159 2630 1220 2692 den
1244 2630 1370 2712 Anfang

250 2743 334 2819 „der
357 2743 498 2827 Zweyten
521 2741 601 2826 Tyro
624 2743 698 2818 au”;
723 2739 835 2805 dubito
853 2748 959 2804 tamen
978 2764 1056 2804 num
1074 2738 1162 2814 οὕτως
1182 2738 1291 2822 ἔξεδρος
1310 2742 1371 2805 diei

251 2857 358 2941 possit.
390 2854 513 2919 Nauck.
544 2855 564 2918 1.
597 2855 617 2918 1.
641 2853 740 2935 »ὄρνις
764 2855 931 2918 delendum
954 2861 1031 2940 puto
1039 2881 1048 2933 ;
1073 2855 1153 2935 οὶρχέρ
1177 2862 1369 2941 corruptum,

251 2969 408 3047 „fortasse
431 2991 468 3031 ex
491 2966 596 3048 aidpu.''

254 3192 308 3256 Vs.
334 3185 415 3256 276.
451 3191 494 3264 τίς
518 3192 584 3255 τοτ’
610 3189 667 3256 ἔσθ’
693 3191 706 3254 ὁ
729 3191 929 3269 μουσόμαντις
952 3189 1060 3264 οέτοτος
1083 3189 1152 3272 ἔρνις
1175 3190 1328 3271 δριβοίτνςς

297 3308 384 3370 Haeo
406 3303 507 3383 verba,
533 3326 613 3386 quae
638 3304 732 3387 vulgo
756 3303 951 3366 Peithetaero
974 3303 1170 3380 tribuuntur,
1196 3304 1240 3366 ita
1263 3304 1371 3367 distin·

253 3420 324 3502 guit
343 3416 432 3480 Kook
455 3424 493 3480 ut
514 3417 655 3500 legatur:
679 3416 780 3481 Peith.
805 3417 849 3487 τίς
869 3416 935 3479 τοτ’
956 3414 1031 3491 ἔσθ’;
1055 3415 1114 3500 Up.
1137 3415 1370 3493 ὁμουσόμκντις.

255 3533 356 3596 Peith.
381 3530 489 3604 οέτοτος
512 3530 581 3612 ἔρνις
604 3529 786 3611 οἱβροβοὶτνς.
811 3530 907 3593 Recte
931 3537 967 3592 ut
990 3530 1066 3592 mihi
1089 3530 1221 3593 videtur.

300 3645 401 3709 Sohol.
427 3644 509 3725 τυροὶ
531 3644 571 3708 τοὶ
593 3641 627 3717 ἔξ
648 3644 781 3707 Ἠδωνῶν
805 3641 977 3721 Αἰσχύλουτ

432 3757 463 3821 σι’
491 3755 556 3820 τοτ’
587 3753 670 3819 ἔστοιι
694 3756 707 3818 ὃ
731 3754 930 3832 μουσόμκντις
953 3752 1028 3817 ἄλλο
1051 3752 1199 3834 ἀβρκτεὺς
1222 3751 1251 3816 ὃν
1273 3751 1371 3816 σθένει.

299 3868 394 3934 Varia
416 3874 580 3932 tentarunt
603 3868 660 3931 viri
684 3867 768 3931 doeti
793 3873 830 3930 ut
852 3867 956 3929 locum
974 3873 1119 3929 sanarent
1138 3887 1240 3948 neque
1257 3865 1283 3927 is
1303 3886 1372 3928 sum

256 3984 311 4066 qui
335 3989 437 4045 tantas
460 3980 624 4065 dispellere
649 3980 764 4064 possim
788 3978 940 4042 tenebras.

302 4095 352 4157 Ad
377 4096 438 4157 281
464 4093 534 4156 ἀλλ’
558 4087 638 4162 οὗτος
662 4090 718 4169 μέν
740 4092 801 4154 ἐστι
822 4089 1001 4163 Φιλοκλέους.
1024 4090 1126 4167 8σ1ιο1.
1147 4085 1242 4162 Οὗτος
1260 4089 1374 4153 ρ’Φιλο-

256 4215 329 4282 κλῇς
363 4208 461 4270 ἔτοτκ
493 4203 649 4269 ἔσκεύκσεν
685 4204 714 4266 ἐν
749 4210 785 4283 τῇ
824 4202 987 4267 Πκνδιονίδι
1025 4201 1208 4284 τετρυλονίρ.
1240 4200 1289 4264 De
1319 4201 1376 4264 hoc

257 4319 386 4384 obseuro
409 4319 477 4382 looo
500 4317 562 4381 vid.
586 4315 686 4380 Kook.
710 4337 737 4378 a.
762 4315 793 4378 h.
817 4315 838 4379 l.

1232 4425 1247 4473 o
