3218 5370
745 609 861 652 1111110.
1277 592 1338 653 153

243 773 360 836 animos
392 773 545 836 emendet.
578 774 637 837 Sed
666 797 729 837 non
760 775 819 838 hoc
851 774 978 837 consilio
1009 781 1106 838 artem
1131 775 1250 838 excolat
1272 783 1363 860 poeta

241 884 387 967 tragicus,
416 906 518 967 neque
550 886 610 948 alia
635 910 666 949 se
689 886 840 971 obstringi
864 887 1005 971 patiatur
1028 887 1096 971 lege
1121 909 1214 970 quam
1239 895 1275 950 ut
1298 911 1364 972 reg-

242 993 318 1060 num
342 1005 430 1082 petat
454 999 517 1061 veri
541 1006 635 1081 atque
659 999 792 1083 pulchri.
816 1002 883 1063 Hoc
900 1022 955 1062 nos
976 1000 1088 1063 docent
1107 1007 1218 1084 poetae
1240 1001 1364 1085 Anglus

242 1117 273 1173 et
306 1110 490 1188 Germanus,
522 1112 578 1194 qui
596 1092 746 1174 'dramata
776 1112 902 1175 Hamlet
927 1119 958 1175 et
981 1113 1083 1175 Maria
1107 1113 1215 1176 Stuart
1238 1114 1365 1198 scripse·

241 1231 326 1302 runt,
362 1246 424 1287 non
454 1224 486 1287 id
517 1231 644 1308 agentes
675 1231 712 1287 ut
742 1226 881 1288 homines
914 1226 1123 1288 emendarent.
1149 1225 1217 1289 Hoc
1240 1248 1365 1309 quoque

242 1336 332 1399 docet
362 1336 426 1420 ipse
457 1337 640 1421 Aeschylus.
672 1336 808 1401 Difficile
836 1338 962 1420 quidem
995 1344 1040 1401 est
1064 1339 1102 1402 de
1126 1339 1231 1402 indole
1256 1346 1365 1422 poetae

243 1448 379 1512 iudicare
410 1448 464 1512 ubi
495 1450 644 1534 pleraque
676 1452 743 1515 eius
765 1459 907 1535 poemata
931 1453 1046 1515 iniuria
1070 1461 1243 1537 temporum
1268 1454 1364 1537 perie-

243 1561 317 1641 rint,
350 1563 403 1625 sed
433 1563 459 1625 si
483 1585 499 1625 e
523 1563 746 1648 superstitibus
769 1564 924 1627 iudicium
948 1566 1047 1628 facere
1070 1565 1153 1644 licet,
1180 1566 1362 1649 Aeschylus,

242 1674 397 1757 quidquid
421 1676 503 1739 dicat
526 1676 750 1761 Aristophanes
774 1700 817 1741 vs.
845 1681 928 1740 1000
953 1701 1030 1761 sqq,
1055 1701 1116 1741 non
1140 1679 1232 1742 aliam
1252 1679 1364 1743 habuit

242 1811 382 1852 normam
404 1790 442 1852 ad
467 1812 561 1872 quam
585 1791 760 1854 dramatum
780 1791 1013 1855 scribendorum
1033 1793 1185 1856 rationem
1205 1793 1363 1876 dirigeret.

244 1901 327 1965 Nam
358 1903 382 1965 si
413 1925 491 1966 unas
515 1902 624 1967 Persas
644 1906 824 1988 excipimus,
848 1905 933 1988 quod
952 1928 1060 1990 poema
1083 1907 1289 1969 dramaticum
1313 1929 1365 1990 po·

242 2016 307 2079 tius
331 2038 425 2098 quam
448 2017 556 2079 drama
573 2023 620 2079 est
637 2017 869 2101 appellandum,
889 2018 979 2081 nulla
999 2026 1138 2102 superest
1150 2018 1312 2102 tragoedia
1325 2019 1363 2083 ab

246 2128 400 2212 Aeschylo
432 2151 467 2192 eo
495 2130 623 2193 consilio
655 2131 827 2214 conscripta
855 2138 893 2195 111
917 2132 1123 2194 Athenienses
1143 2131 1285 2195 meliores
1308 2139 1364 2194 aut

242 2241 384 2305 fortiores
415 2243 534 2319 fierent,
563 2265 604 2305 ne
635 2243 758 2327 Septem
790 2243 936 2306 adversus
966 2243 1086 2307 Thebas
1110 2244 1245 2326 quidem,
1271 2266 1364 2327 quam

242 2355 470 2439 Aristophanes
510 2353 621 2436 ’Ἄρεως
664 2356 772 2434 ροεστίν
806 2364 904 2437 vocat,
942 2357 1056 2439 cuique
1091 2357 1257 2442 Euripides
1292 2381 1363 2421 suas

158 2456 161 2461 ⁴
244 2465 429 2532 Phoenissas
451 2491 606 2553 opponere
629 2470 792 2553 potuisset.

244 2691 297 2756 Vs.
322 2685 403 2754 992.
461 2689 533 2755 rade
556 2693 611 2769 μὲν
634 2691 774 2764 λεύσσεις,
798 2693 924 2773 Φαίδιμ’
945 2694 1105 2772 Ἀχιλλεῦ.

287 2806 389 2869 Schol.
414 2803 475 2869 ἔστι
499 2806 529 2869 δὲ
551 2804 633 2885 οέρχῖι
657 2803 732 2879 αὕτη
756 2805 946 2885 Μυρμιδόνων
970 2806 1133 2885 Αἰσχύλου.
1159 2806 1210 2870 Fr.
1238 2806 1298 2868 107
1320 2806 1362 2869 Ν.

245 2921 307 2981 128
332 2919 371 2982 1).

193 3228 196 3233 ⁴
241 3144 295 3208 Vs.
323 3137 427 3206 1028.
463 3141 573 3221 ε’χοίρνν
597 3147 667 3219 χοῦν
690 3142 761 3214 ἡνίκ’
786 3141 896 3215 ἤκουσα
919 3141 982 3222 περὶ
1009 3142 1128 3222 Δαρείου
1152 3144 1312 3213 τεθνεῶτος.

285 3258 401 3340 Agitur
433 3256 471 3318 de
502 3255 646 3339 Aeschyli
669 3254 781 3318 Persis.
807 3254 852 3318 Of.
878 3278 957 3339 quae
982 3255 1101 3318 dehoc
1126 3255 1193 3320 loco
1217 3263 1364 3340 corrupto
1458 3302 1460 3306 ‚

241 3372 483 3455 disputaverunt
506 3368 657 3447 Fritsche,
682 3367 826 3446 Dindorf,
852 3368 952 3431 Koch.

285 3481 458 3561 Patroclus,
482 3504 526 3546 vs.
553 3484 649 3558 1001,
674 3481 707 3543 in
726 3479 976 3564 Myrmidonibus
996 3482 1162 3564 prodierat,
1176 3480 1316 3544 Teucrus
1328 3481 1361 3544 in

240 3596 366 3679 trilogia
389 3592 515 3658 Ὅτλων
539 3593 636 3674 κρίσις,
657 3602 797 3674 Θρῆσσαι,
815 3594 999 3672 Σαλαμίνιαι
1018 3595 1178 3679 inscripta,
1199 3594 1362 3658 11000011,

242 3708 281 3772 77
313 3706 353 3770 D.
385 3706 573 3790 Aeschylum
604 3706 678 3770 inde
701 3730 719 3769 a
743 3730 786 3771 vs.
816 3709 900 3770 1006
924 3707 1051 3790 tragicis
1075 3707 1176 3770 verbis
1201 3707 1246 3770 uti
1272 3730 1363 3770 nemo

241 3843 303 3884 non
326 3820 422 3884 videt.

240 4042 292 4106 Vs.
320 4035 423 4105 l050.
460 4042 502 4106 ότι
526 4042 662 4120 γενναίας
684 4042 736 4106 καὶ
759 4043 895 4120 γενναίων
918 4045 1026 4123 ἀνδρῶν
1050 4042 1181 4121 οὶλόχους
1201 4042 1362 4115 οίνέτεισας
1444 4045 1448 4052 ’

462 4157 565 4219 κώνεια
581 4163 665 4232 τιεῖν,
679 4157 885 4235 αἰσχυνθείσας
898 4157 946 4220 aa
958 4156 1024 4228 τοὺς
1038 4156 1104 4227 σοὺς
1117 4155 1362 4237 Βελλεροφόντας.

287 4269 388 4332 Schol.
426 4271 510 4332 1043
538 4267 666 4339 ε’λόόντος
697 4262 742 4332 οὖν
774 4271 867 4332 ἐκεῖσε
899 4268 1127 4349 Βελλεροφόντου
1155 4267 1207 4331 καὶ
1239 4270 1363 4348 καόαροῦ

241 4382 394 4463 φανέντος,
419 4384 462 4459 μὴ
486 4381 614 4462 Φέρουσα
633 4382 685 4453 τὴν
705 4381 848 4461 αἰσχύνην
870 4383 886 4455 ἡ
908 4381 1064 4459 Σόενόβοια
1084 4381 1185 4462 κωνείῳ
1202 4383 1362 4460 ἐχρήσατο,
