3218 5370
629 608 631 610 ν
725 593 866 652 nanrns.
1291 580 1331 642 37

236 757 291 821 nbi
321 757 470 822 vocabulo
494 764 609 822 λεπτῶν
633 758 845 843 Sannyrionis,
872 758 999 823 Meletis
1022 767 1054 823 et
1079 759 1219 825 Cinesiae
1243 763 1356 827 macies

235 870 365 933 ridetur.

279 980 358 1044 Cum
394 983 427 1045 in
461 981 615 1067 Gerytade
646 1005 771 1068 quoque
803 986 923 1049 multus
953 986 1049 1048 hrerit
1081 989 1135 1048 Ar.
1168 987 1201 1050 in
1231 990 1357 1072 tragicis

235 1094 395 1158 imitandis
418 1103 450 1158 et
474 1096 624 1174 ridendis,
647 1098 799 1182 suspicari
824 1098 898 1160 lieet
917 1097 964 1160 ε’πὶ
988 1105 1101 1171 λεπτῆς
1120 1098 1238 1170 ἐλπίδος
1257 1101 1356 1179 ὀχεῖσ-

186 1243 188 1247 <
235 1209 281 1271 θαι
304 1231 320 1270 e
343 1208 502 1290 tragoedia
524 1231 672 1272 manasse.

233 1431 286 1495 Vs.
316 1424 419 1493 1248.
468 1429 551 1507 οἴμοι,
576 1430 744 1509 πέπρακται
768 1435 818 1494 τοῦ
842 1434 903 1495 θεοῦ
925 1434 957 1496 τὸ
980 1432 1132 1513 θέσφατον.

468 1542 609 1607 κυλίνδετ’
639 1542 703 1606 εἴπω
727 1545 808 1607 τόνδε
831 1545 879 1608 τὸν
902 1545 1091 1621 δυσδαίμονα.

278 1658 329 1722 Ad
359 1658 492 1721 alterum
524 1679 646 1719 versum
676 1656 776 1720 Sehol.
800 1662 910 1727 ταῦταΙ
925 1656 956 1721 δὲ
979 1659 1012 1721 ἐκ
1035 1659 1263 1738 Βελλεροφόντου
1286 1661 1354 1741 Εθρ.

231 1773 263 1835 τὸ
294 1771 325 1834 δὲ
355 1770 501 1834 κυλίνδετο
529 1768 596 1832 aaut
628 1774 678 1832 τοῦ
710 1768 852 1848 κομίζετε.
880 1770 1047 1854 Euripides
1072 1770 1207 1850 κομίζετε
1230 1772 1353 1856 scripsit

231 1905 294 1946 non
325 1882 480 1945 κυλίνδετε.
513 1879 591 1944 Cum
624 1881 706 1943 idem
737 1881 799 1944 fere
830 1881 951 1964 legatur
981 1883 1017 1945 fr.
1044 1881 1252 1947 Stheneboeae
1278 1885 1351 1962 673,

233 1992 361 2072 κομίζετ’
393 1991 457 2055 εἴσω
486 1992 580 2064 τήνδε,
614 1993 646 2054 in
678 1999 804 2076 promtu
827 2001 874 2056 est
898 1994 1049 2078 suspicari
1072 2016 1187 2057 errasse
1210 1995 1355 2058 scholias-

231 2112 294 2168 tam
319 2111 351 2167 et
373 2104 611 2188 Aristophanem
636 2105 719 2168 huno
743 2105 953 2169 Stheneboeae
973 2107 1075 2169 locum
1095 2107 1254 2169 imitatum
1274 2129 1349 2170 esse.

233 2218 325 2297 Quod
355 2224 458 2280 tamen
488 2219 592 2280 minus
623 2217 791 2280 verisimile
821 2217 856 2279 fit
887 2219 913 2280 si
945 2241 982 2281 ex
1008 2219 1227 2302 Aristophanis
1250 2218 1352 2282 verbis

234 2331 354 2414 aliquid
380 2331 497 2394 efficere
528 2331 611 2393 lieet.
643 2331 691 2393 Ad
724 2353 803 2413 qnae
826 2330 919 2394 verba
942 2331 1138 2395 attendentes
1160 2331 1354 2416 probabilius

232 2450 404 2508 statuemus
437 2466 508 2507 oum
541 2443 712 2507 Ribbeokio
742 2444 819 2506 Ach.
846 2445 926 2507 Anh.
951 2468 981 2528 p.
1009 2448 1072 2506 294
1095 2446 1242 2509 miserum
1267 2443 1354 2507 Cleo·

231 2580 302 2621 nem
327 2579 419 2620 nsum
442 2579 507 2619 esse
530 2557 635 2619 miseri
657 2556 907 2641 Bellerophontis
932 2558 1164 2635 exclamatione,
1191 2559 1238 2640 (fr.
1262 2558 1350 2621 Sthe·

230 2670 300 2733 neb.
338 2671 401 2732 673
432 2670 470 2733 de
502 2676 625 2731 mortua
655 2671 721 2752 agit
751 2669 956 2753 Stheneboea)
990 2693 1068 2753 quae
1096 2672 1169 2734 huie
1193 2671 1353 2755 aptissima

230 2791 295 2847 erat
328 2805 399 2846 oum
429 2806 447 2844 a
477 2781 594 2865 Pegaso
625 2783 742 2846 eiectus
774 2783 806 2846 in
840 2790 953 2846 terram
982 2783 1113 2847 claudus
1138 2784 1239 2847 factus
1263 2778 1352 2847 esset.

229 2897 345 2960 Bodem
377 2896 440 2958 fore
469 2896 560 2958 modo
584 2894 683 2959 Creon
708 2897 813 2959 dolore
837 2897 996 2960 confectus
1019 2920 1036 2960 a
1060 2897 1186 2989 famulis
1210 2897 1291 2980 petit
1314 2904 1352 2960 ut
1423 2920 1426 2928 ·

228 3030 259 3070 se
282 3006 448 3084 abducant,
473 3007 566 3090 Soph.
593 3009 668 3070 Ant.
696 3010 799 3071 132οι

458 3119 548 3197 ἄνετέ
571 3122 606 3198 μ’
631 3120 674 3184 dar
697 3120 804 3199 ταχος,
830 3121 921 3198 ἄγετέ
944 3123 978 3199 μ’
1003 3122 1139 3185 ἐκποδών.

229 3233 266 3295 ef.
301 3235 384 3295 1339
418 3239 449 3295 et
481 3232 559 3296 Oed.
592 3233 663 3317 Tyr.
696 3236 779 3296 1341
812 3256 877 3317 sqq.
902 3234 1014 3317 Neque
1036 3234 1128 3298 verba
1152 3206 1287 3313 κομίζετε
1308 3272 1353 3282 —-

228 3346 410 3422 δυσδαίμονα
439 3346 540 3408 aliena
574 3353 648 3409 sunt
672 3348 762 3430 (quae
786 3346 890 3431 opinio
914 3347 976 3409 fuit
1000 3346 1166 3424 Welekeri,
1192 3344 1247 3409 Gr.
1271 3352 1350 3428 trag.

227 3457 264 3520 11
294 3481 324 3542 p.
358 3459 431 3539 795)
463 3481 480 3520 a
509 3458 575 3521 viro
605 3459 727 3522 fortiter
750 3458 830 3521 mala
852 3459 975 3538 ferenti,
1000 3460 1036 3522 fr.
1062 3461 1125 3521 302
1146 3457 1178 3541 ¹),
1205 3461 1277 3521 313.
1304 3457 1351 3521 De

228 3594 316 3634 versu
342 3573 426 3633 1248
450 3570 557 3634 Kook:
581 3571 660 3649 „Da
687 3574 769 3634 1249
794 3595 850 3634 aus
875 3571 943 3634 deni
968 3571 1173 3657 Bellerophon
1190 3572 1243 3634 des
1261 3571 1351 3634 Euri·

257 3829 375 3891 qurba
399 3827 459 3888 ν’θμοι
481 3826 532 3884 κτὲ,
556 3829 584 3877 fr.
613 3829 669 3885 302,
693 3829 729 3875 ita
754 3828 924 3890 distinguenda
944 3834 1001 3876 sunt
1017 3833 1045 3876 ut
1062 3829 1131 3892 prius
1149 3826 1209 3886 θίμον
1227 3829 1260 3875 sit
1276 3828 1350 3876 amici

146 3978 149 3983 ¹
226 3920 374 3977 miserantis,
392 3919 461 3967 chori
479 3919 588 3976 sortasse,
610 3924 634 3967 et
652 3918 681 3965 τί
695 3917 716 3966 δ’
736 3917 810 3978 otiam
829 3918 901 3974 θνητοὶ
919 3936 956 3965 τοι
975 3919 1122 3978 πεπόνθοιμεν
1138 3916 1347 3983 Bellerophontis.

226 4009 263 4059 cf.
287 4010 344 4058 Eur.
368 4010 452 4074 Snppl.
476 4010 532 4059 291.
556 4009 666 4057 Eandem
688 4009 808 4057 medelam
834 4010 884 4057 iam
908 4009 1013 4071 Wagner
1030 4009 1117 4057 attulit
1134 4009 1270 4085 fragmento
1290 4009 1348 4057 Eur.

226 4101 305 4156 Alam.
326 4101 372 4149 69:

472 4180 502 4226 A.
520 4176 611 4238 μητέρα
629 4177 750 4226 κατέκταν
764 4177 808 4234 τὴν
824 4175 889 4236 ἐμὴν,
907 4178 1001 4238 βραχὺς
1018 4180 1097 4238 λόγος.

474 4269 502 4315 Β.
520 4267 576 4316 ἑκὼν
594 4265 692 4315 ἑκοῦσαν
709 4266 723 4323 ’ὴ
742 4266 768 4314 οὐ
784 4266 896 4315 θέλουσαν
914 4266 962 4327 οὐχ
982 4265 1051 4324 indm

225 4376 296 4423 quam
314 4358 507 4407 emendationem
526 4359 555 4407 N.
574 4363 598 4406 et
616 4359 645 4406 D.
666 4375 714 4406 non
732 4363 881 4423 receperunt.
