3218 5370
720 571 814 626 1111
1257 566 1297 628 95
1341 534 1344 539 ¹

203 800 223 829 „
232 749 373 831 πυρφόρον
402 749 527 813 tertiam
550 748 645 812 fuisse
667 748 868 811 crediderunt
891 748 1075 830 tetralogiae
1097 747 1243 828 fabulam,
1268 771 1322 812 no·

203 865 314 942 „mine
343 885 406 926 non
436 869 563 947 propter
592 863 712 925 furtum
736 861 816 944 ignis
839 861 993 944 imposito,
1019 859 1074 924 sed
1097 862 1136 924 ad
1159 862 1321 938 λομποοδο-

203 976 361 1056 ,,δοομίοος,
387 975 520 1038 Athenis
541 975 575 1036 in
597 973 745 1037 honorem
769 971 946 1036 Promethei
966 973 1135 1056 quotannis
1155 973 1323 1036 celebratas

202 1138 222 1166 „
232 1087 406 1166 referend03
427 1088 511 1170 quod
530 1088 712 1150 institutum
733 1086 895 1149 memorari
908 1092 1030 1170 poterat
1042 1086 1075 1148 in
1087 1092 1223 1149 extrema
1235 1092 1323 1170 parte

204 1211 286 1281 „Hp
309 1199 448 1278 λυομένου
471 1199 515 1283 (11
539 1220 601 1282 qua
625 1199 718 1262 etiam
742 1199 780 1261 de
803 1219 915 1277 corona
932 1197 1109 1261 Promethei
1125 1221 1224 1262 sermo
1244 1199 1323 1262 fuit:

204 1313 296 1393 „via
328 1312 365 1376 11.
399 1314 483 1394 2111),
515 1318 552 1375 ut
581 1312 711 1375 honores
741 1310 963 1374 Euminidibus
987 1310 1121 1374 habendi
1143 1311 1177 1374 in
1200 1312 1260 1374 fine
1283 1312 1325 1374 f-

204 1424 326 1506 „bulae
350 1425 550 1509 cognominis,
575 1446 655 1506 quae
679 1423 823 1487 sollemni
843 1445 956 1508 pompa
976 1423 1145 1503 clauditur,
1167 1446 1325 1508 exponun-

205 1588 225 1618 ‚,
234 1546 296 1618 tur,
327 1537 381 1601 sed
410 1536 565 1620 quomodo
596 1537 735 1619 integrae
763 1535 939 1620 tragoediae
969 1536 1208 1620 componendae,
1233 1537 1324 1619 eique

206 1700 225 1729 ‚,
234 1650 292 1713 tali
322 1650 429 1733 quales
459 1649 631 1733 Aeschylus
661 1649 760 1712 facere
783 1647 911 1725 solebat,
935 1649 1074 1712 sufficere
1096 1650 1236 1734 potuerit
1260 1672 1323 1713 non

205 1762 453 1849 „perspicitur”

252 1876 345 1956 Quod
370 1875 560 1939 verissimum
585 1881 639 1938 est.
664 1875 708 1937 ht
730 1881 871 1959 superest
895 1873 1084 1959 Westphalii
1109 1876 1147 1938 de
1172 1882 1326 1939 1111111-

206 1990 288 2075 poris
311 1989 441 2074 perfecti
464 1987 645 2051 observatio.
671 1987 760 2067 Quae
783 1987 911 2050 minime
935 1987 1128 2071 neglegenda
1148 1994 1205 2065 est,
1225 2011 1326 2071 neque

206 2102 381 2166 dubitarem
405 2103 438 2164 in
463 2101 632 2164 doctissimi
655 2100 814 2185 scriptoris
837 2101 1023 2165 sententiam
1048 2100 1179 2185 pedibus
1202 2102 1247 2166 ire
1266 2102 1327 2164 nisi

206 2215 346 2298 graviora
367 2212 535 2276 obstarent.
559 2211 675 2275 Vereor
694 2213 777 2275 enim
795 2235 845 2289 ne,
866 2212 891 2274 si
904 2211 1136 2297 Westphalium
1149 2235 1326 2296 sequamur,

208 2327 340 2410 Scyllam
364 2326 519 2409 fugientes
541 2327 575 2389 in
600 2324 775 2410 Charybdin
801 2323 990 2388 delabamur.
1013 2324 1096 2388 Nam
1113 2326 1224 2390 misere
1245 2328 1327 2389 clau-

207 2439 291 2502 dicat
320 2440 446 2522 trilogia
476 2440 502 2501 si
531 2439 647 2523 primae
678 2439 855 2522 tragoediae
882 2461 942 2502 nou
969 2439 1061 2522 culpa
1085 2439 1138 2503 sed
1160 2462 1260 2528 poena
1283 2463 1328 2503 ar·

207 2558 392 2635 gumentum
422 2552 527 2630 luerit,
559 2552 643 2634 quod
671 2550 815 2614 Nauckio
843 2572 968 2633 quoque
998 2551 1098 2614 visum
1127 2559 1173 2615 est
1197 2551 1251 2634 qui
1275 2551 1326 2642 Pr.

207 2671 285 2748 trag.
310 2687 341 2749 p.
365 2664 426 2727 47:
450 2663 543 2742 „Vix
566 2663 664 2747 igitur
688 2662 825 2726 dubitari
848 2669 950 2748 potest
974 2664 1050 2745 quin
1073 2662 1208 2748 primurn
1232 2664 1327 2728 huius

206 2777 379 2860 „trilogiac
416 2777 520 2840 locum
551 2777 690 2839 tenuerit
719 2777 871 2856 πυρφόρος,
903 2776 1041 2839 medium
1074 2777 1236 2855 δεσμώτης,
1269 2783 1329 2840 ter-

207 2890 317 2968 „tium
340 2887 510 2966 1υόμενος.”

147 3043 149 3047 ⁷
252 3000 332 3064 Cum
363 3008 468 3064 autem
500 3024 518 3063 a
542 3001 753 3084 grammaticis
777 3001 953 3086 saepissime
976 3008 1033 3065 aut
1055 3001 1178 3065 inscitia
1201 3008 1258 3065 aut
1283 3002 1328 3065 in·

208 3113 294 3177 curia
315 3120 477 3198 peccatum
501 3137 566 3177 esse
589 3119 718 3192 constet,
743 3120 881 3177 statuere
902 3114 1008 3176 malim
1025 3114 1077 3177 hic
1094 3136 1219 3198 quoque
1240 3113 1331 3177 Scho-

208 3226 332 3290 liastam
356 3233 412 3288 aut
434 3249 549 3289 errasse
570 3225 711 3306 πυρφόρον
732 3248 787 3310 pro
808 3225 937 3306 λυομένῳ
949 3225 1145 3305 scribentem,
1159 3232 1214 3289 aut
1227 3227 1330 3290 minus

209 3346 361 3416 accurate,
386 3360 457 3402 cum
477 3339 613 3423 perfecto
637 3337 767 3402 δεδέσθαι
787 3344 939 3417 11111111,
962 3360 1049 3401 suam
1069 3339 1247 3402 enuntiasse
1259 3361 1330 3402 sen-

209 3453 350 3515 tentiam.

253 3674 320 3736 Iam
343 3675 505 3738 redeamus
530 3675 569 3738 ad
593 3675 674 3738 Aves
697 3682 728 3739 et
751 3672 911 3739 videamus
936 3698 1030 3759 quam
1054 3677 1203 3740 concinne
1227 3676 1329 3740 omnia

210 3788 393 3851 cohaereant
424 3795 456 3852 et
484 3810 577 3871 quam
609 3795 679 3872 apte
702 3789 804 3851 multa
827 3789 1026 3874 interpretari
1048 3791 1199 3874 possimus
1222 3791 1249 3854 si
1271 3797 1330 3854 tra⁴

210 3901 336 3986 goediae
371 3901 409 3964 de
443 3923 505 3984 qua
536 3900 673 3964 diximus
702 3900 862 3985 parodiam
892 3902 967 3965 huic
990 3903 1105 3965 Avium
1127 3903 1210 3987 parti
1232 3904 1331 3968 inesse

208 4012 363 4098 ponimus.
394 4012 427 4075 Si
460 4013 543 4075 nihil
573 4011 661 4075 aliud
691 4013 791 4077 voluit
822 4021 914 4098 poeta
942 4014 1004 4078 nisi
1027 4014 1193 4079 cachinnos
1215 4015 1332 4080 theatri

209 4147 398 4189 commovere
423 4124 556 4188 ridiculo
576 4125 678 4189 herois
698 4148 769 4188 cum
789 4125 925 4190 umbella
937 4126 1127 4192 ambulantis
1142 4130 1330 4213 spectaculo,

208 4260 337 4323 persona
371 4237 553 4302 Promethei
586 4261 643 4301 111.
677 4241 762 4301 14191
793 4261 858 4322 sqq.
892 4239 1018 4303 omnino
1050 4246 1335 4323 111τῆςφοοτικῆς

207 4352 371 4434 κωμῳδίοος,
409 4375 488 4436 quae
522 4353 549 4416 si
582 4375 644 4417 non
681 4352 719 4416 ab
743 4352 887 4418 omnibus
912 4354 1133 4440 Aristophanis
1155 4357 1332 4437 comoediis,
