3218 5370
267 606 330 669 174
743 627 858 672 aruer.

245 801 297 866 Vs.
325 795 428 864 1390.
465 802 551 880 μένος
576 804 641 866 aaut
665 802 722 883 γύρ
747 804 882 876 Θούνατος
904 807 935 868 ού
960 806 1051 885 δύρων
1074 808 1132 887 ἐρᾷ.

291 898 393 978 001101.
417 916 450 979 ἐκ
472 915 586 992 Νιύβνς
610 915 772 994 Αἰσχύλου.
799 916 850 980 Fr.
877 920 949 980 156.
972 917 1132 998 Consult0,
1149 924 1187 982 ut
1206 919 1266 983 iam
1285 919 1366 983 vidit

246 1026 396 1105 Fritsche,
421 1027 592 1112 Aeschylus
616 1028 699 1092 hunc
722 1029 826 1092 locum
851 1028 1024 1115 Euripideo
1048 1031 1188 1116 opponit.
1212 1032 1251 1095 In
1275 1032 1366 1095 Anti·

245 1161 324 1223 gone
347 1140 495 1204 laudatur
519 1141 623 1204 Suada
646 1142 697 1204 cui
720 1165 771 1205 ara
795 1150 970 1207 consecrata
994 1151 1040 1206 est
1062 1144 1095 1207 in
1116 1144 1277 1209 hominum
1297 1145 1363 1208 ani·

246 1253 318 1316 mis:
353 1252 404 1316 καὶ
433 1253 534 1330 βωμὸς
557 1255 650 1327 αὐτῆς
674 1252 735 1316 ἔστ)
759 1255 787 1317 ἐν
810 1255 955 1334 ύνύρύτου
977 1254 1065 1336 φύσει
1092 1256 1214 1341 (εβρενέῖ2
1238 1255 1361 1340 Kock);

246 1366 419 1450 Aeschylus
444 1366 481 1428 de
504 1365 607 1429 Morte
631 1366 760 1444 dixerat,
786 1367 823 1430 fr.
850 1370 929 1431 156:
954 1367 1039 1445 μόνος
1065 1370 1130 1432 ύεῶν
1154 1368 1211 1449 γοὶρ
1230 1367 1365 1440 Θύνατος

245 1480 276 1542 ού
298 1479 388 1559 δύρων
412 1481 469 1560 ἐρρῖ,
491 1477 497 1567 Ι
517 1478 576 1542 οὐδ’
607 1477 643 1542 ύν
673 1504 700 1542 τι
725 1478 793 1544 ύύων
818 1479 876 1544 οὐδ’
896 1480 1072 1545 ἐπισπένδων
1092 1475 1177 1554 ύνοις,
1199 1478 1204 1569 Ι
1225 1481 1282 1546 οὐδ’
1302 1480 1364 1546 ἔστι

246 1591 358 1667 βωμὸς,
391 1591 455 1654 ούδὲ
474 1591 682 1670 ,ταιωνίζεταο
710 1589 714 1680 l
742 1592 828 1670 μόνου
852 1593 882 1656 δὲ
906 1594 996 1657 Πειθὼ
1021 1593 1163 1671 δαιμόνων
1185 1595 1364 1659 ύτοστατεῑ.

247 1704 290 1765 At
324 1704 477 1787 potuisset
507 1705 572 1789 ipse
595 1705 761 1789 Euripides
785 1707 917 1770 similem
941 1708 1037 1770 citare
1061 1707 1175 1787 locum,
1200 1730 1271 1771 cum
1294 1708 1363 1772 Alc.

247 1818 310 1881 973
334 1817 468 1896 delato,
492 1818 512 1879 i.
538 1840 564 1880 e.
588 1818 627 1880 de
650 1826 749 1882 morte
773 1820 962 1902 scripsisset:
987 1819 1080 1897 ρούνας
1103 1820 1129 1883 δ’
1151 1819 1210 1885 ούι)
1231 1819 1280 1883 ε’τ1
1301 1821 1364 1898 βω-

246 1930 319 2007 μούς
339 1927 344 2016 l
364 1931 456 1994 ἐλθεῖν
481 1929 545 1993 ούτε
568 1929 676 2010 βρέτας
701 1933 766 2003 ύεοῖς
787 1929 792 2018 l
814 1930 900 2005 ἐστιν,
924 1935 956 1996 ού
980 1932 1119 2013 σφαγίων
1141 1931 1230 1997 κλύει.

247 2152 301 2218 Vs.
329 2145 432 2214 1400.
470 2152 599 2230 βέβληκ’
622 2153 787 2230 Ἀχιλλεύς
810 2153 858 2217 δύο
879 2152 961 2230 κύβω
984 2152 1034 2218 καὶ
1057 2154 1195 2235 τέτταρα.

291 2265 339 2328 De
367 2265 460 2329 huius
481 2288 588 2328 versus
610 2265 680 2328 sede
704 2266 764 2328 iam
789 2265 1001 2329 dissenserunt
1023 2274 1142 2330 veteres
1166 2268 1361 2351 interpretes.

246 2378 399 2458 Fuerunt,
424 2384 460 2442 ut
483 2402 499 2442 e
522 2378 647 2442 scholiis
667 2385 804 2463 apparet,
824 2378 878 2460 qui
899 2378 1046 2461 Telepho,
1065 2378 1268 2457 Philoctetae,
1281 2378 1367 2464 Iphi-

247 2492 356 2575 geniae
387 2491 461 2554 Aul.
495 2493 585 2575 (quae
616 2490 756 2554 nondum
785 2490 875 2554 docta
898 2492 974 2573 erat)
997 2498 1054 2554 aut
1077 2492 1135 2576 ipsi
1160 2492 1364 2577 Aristophani

247 2603 425 2667 tribuerint.
449 2603 476 2665 E
498 2603 677 2666 testimonio
697 2610 801 2665 tamen
822 2602 1007 2682 Aristarchi,
1029 2602 1112 2686 quod
1131 2604 1367 2667 servavitScho·

247 2716 345 2797 liasta,
370 2724 441 2780 ete
475 2716 549 2778 locis
581 2714 707 2779 Zenobii
737 2723 769 2778 et
800 2715 968 2795 Eustathii,
1000 2739 1018 2778 a
1046 2715 1190 2779 Nauckio
1213 2722 1245 2781 et
1269 2716 1364 2780 Dind.

247 2829 359 2907 allatis,
394 2828 560 2892 verisimile
594 2829 630 2891 fit
665 2850 787 2891 versum
824 2830 908 2892 1400
943 2828 976 2891 in
1009 2828 1065 2892 hac
1096 2829 1256 2913 tragoedia
1289 2829 1366 2893 olim

247 2943 364 3005 lectum
392 2942 487 3004 fuisse
517 2941 569 3003 sed
600 2948 706 3025 postea
730 2939 768 3002 ab
791 2940 857 3024 ipso
880 2941 1008 3004 fortasse
1032 2940 1183 3025 Euripide
1207 2947 1365 3004 mutatum

247 3076 311 3118 esse
342 3052 381 3116 ob
412 3053 597 3116 comicorum
628 3052 796 3137 parodiam.
827 3050 894 3114 Iam
926 3052 1056 3138 Eupolis
1085 3059 1164 3116 teste
1188 3054 1365 3132 scholiasta,

248 3165 344 3229 Mein.
370 3164 404 3229 Π
430 3168 509 3229 566:

466 3277 648 3359 οὶτοφύαρεὶς
671 3276 702 3341 δὲ
727 3277 774 3341 δύο
798 3276 879 3355 κύβω
903 3275 954 3340 καὶ
978 3276 1115 3357 τέτταρα.

248 3502 301 3568 Vs.
329 3495 432 3564 1402.
468 3499 655 3581 σιδνροβριύές
678 3502 705 3564 τ’
726 3498 820 3577 ἐλαβε
844 3497 925 3580 δοξιρῖ
948 3456 1065 3573 ξύλον.

292 3615 395 3680 Schol.
425 3616 457 3678 ἐκ
485 3611 658 3691 Μελεύνρου
682 3613 747 3691 Εύρ.
773 3611 938 3674 Welclrero
962 3610 1007 3673 Π.
1032 3634 1062 3696 p.
1090 3612 1152 3675 758
1176 3611 1301 3674 videtur
1328 3612 1367 3675 de

247 3727 405 3812 Meleagro
429 3728 558 3805 dictum,
582 3726 761 3789 Thestiadas
784 3747 935 3808 aggressu,
960 3725 1015 3807 qui
1039 3724 1204 3788 Atalantae
1230 3725 1296 3809 apri
1318 3747 1367 3788 co·

248 3841 330 3904 rium
354 3841 471 3925 eripere
494 3839 672 3902 voluerunt.

250 4065 303 4133 Vs.
331 4058 433 4129 1403.
469 4068 518 4147 ἐφ’
542 4062 674 4145 δέρματος
697 4062 754 4143 γύιρ
777 4059 860 4141 ύὶρροα
884 4060 935 4125 καὶ
960 4062 1042 4141 νεκρῷ
1067 4061 1169 4141 νεκρός.

294 4181 395 4243 Schol.
415 4181 448 4243 έκ
473 4176 606 4242 Γλαύκου
627 4175 806 4262 (Ποτνιέως)
823 4173 984 4252 Αἰσχύλου.
1000 4173 1047 4237 De
1060 4180 1243 4257 argumento
1255 4194 1365 4257 parum

249 4299 378 4356 constat.
407 4290 454 4354 De
477 4289 596 4354 Glauco
619 4288 739 4352 Probus
762 4286 801 4350 ad
825 4284 914 4370 Virg.
940 4285 1051 4370 Georg.
1076 4285 1130 4350 ΙΙΙ
1156 4289 1237 4350 266:
1262 4287 1364 4364 „Pot-

250 4405 301 4469 κὶα
324 4413 366 4469 ert
389 4406 457 4468 κνύο
479 4404 627 4480 Boeotiae,
650 4402 700 4465 cti
727 4402 857 4465 Glaucus
883 4401 1000 4485 Sisyphi
1016 4401 1106 4484 filias
1128 4407 1156 4463 et
1177 4399 1310 4481 Μονοροο
1330 4405 1365 4462 ut
