3218 5370
736 607 864 650 vassia.
1295 585 1335 646 65

231 738 316 859 μοι
330 775 499 857 procreata
503 821 599 835 .....
630 772 770 834 reeaaa
793 775 909 852 ιοοριο
932 791 998 833 aa
1019 770 1098 851 aaa
1122 770 1237 834 μιαν.
1256 771 1289 833 ιι
1306 770 1356 833 ιιι

240 889 341 952 resciit
376 889 439 969 ι’ριο
469 909 499 949 se
528 886 732 950 necavit...
763 892 798 946 ct
828 885 882 946 Ιαο
904 907 967 946 cam
990 884 1099 946 minore
1115 884 1185 967 filio
1208 883 1361 946 Melicerte

240 1003 273 1063 ιἰι
296 997 375 1064 mere
392 1022 423 1063 ae
440 999 553 1062 deiecit.
573 996 644 1061 Vid.
664 996 758 1060 Dind.
779 996 816 1058 fr.
837 995 925 1058 Inus.
946 994 1105 1059 Postrema
1125 996 1231 1081 spuria
1242 979 1362 1060 iudicet

242 1113 399 1190 Schmidt3
423 1112 462 1176 ab
485 1119 668 1196 argumento
690 1111 867 1194 tragoediae
890 1109 969 1174 inus
993 1116 1075 1173 certe
1098 1110 1200 1173 aliena
1224 1115 1307 1174 sunt.

286 1227 431 1291 Alterum
454 1224 493 1289 de
513 1224 572 1289 Ino
595 1225 810 1288 testimonium
834 1222 961 1308 praebet
985 1223 1050 1307 ipse
1073 1222 1249 1308 Euripides,
1274 1222 1359 1289 Med.

245 1343 328 1412 1281
353 1361 419 1422 sqq.

287 1450 403 1515 Verum
428 1451 504 1533 quid
528 1473 598 1515 cum
621 1451 669 1513 his
692 1448 835 1513 omnibus
857 1451 918 1513 Ἰνὼ
939 1447 1107 1541 κρεμαμένη
1128 1472 1292 1514 commune
1311 1450 1363 1514 ha·

244 1563 315 1628 beat
339 1587 401 1627 non
424 1564 584 1647 perspicio.
609 1561 761 1626 Constans
782 1570 827 1625 est
847 1570 987 1626 veterum
1007 1562 1134 1626 traditio
1154 1586 1220 1626 eam
1234 1563 1264 1626 in
1278 1586 1361 1628 mare

245 1701 277 1742 se
307 1677 462 1741 deiecisse.
496 1667 585 1754 Quae
616 1675 730 1738 scholia
758 1674 908 1759 praebent
938 1675 1056 1738 nullius
1086 1683 1160 1738 sunt
1183 1677 1285 1762 pretii.
1310 1678 1360 1741 Ad

247 1791 331 1853 1413
363 1789 458 1854 schol.
489 1787 569 1851 Ven.
600 1787 743 1866 εἰσήγαγε
774 1786 804 1852 δέ
833 1788 992 1868 Εὐριπίδης
1020 1788 1073 1860 πίον
1103 1789 1163 1852 Ἰνὼ
1187 1789 1285 1869 ὤχραν
1309 1790 1360 1873 (al.

245 1902 414 1982 γέγραπται
437 1900 605 1982 κρεμαμένη
630 1900 682 1964 καί
707 1899 800 1984 ὠχροὶ)
826 1901 880 1964 ὑπὸ
903 1907 957 1973 τῆς
979 1900 1185 1972 κακοπαθείαις.
1207 1901 1257 1964 Ad
1280 1905 1365 1965 1414

246 2015 340 2079 schol.
372 2014 448 2078 Rav.
480 2020 511 2076 et
542 2012 620 2076 Van.
652 2012 720 2076 νίνπί
750 2018 801 2076 τοῦ
831 2014 884 2077 ὑπὸ
915 2013 1073 2093 Εὐριπίδου
1096 2015 1128 2077 ἐκ
1152 2018 1207 2077 πῶν
1231 2015 1324 2079 ποδῶν
1348 2016 1364 2089 ἦ

246 2127 310 2192 Ἰνὼ
345 2127 499 2208 κρέμαται.
534 2125 623 2205 Quae
658 2127 760 2189 omnia
791 2149 827 2188 ex
858 2126 924 2211 ipso
955 2132 1104 2190 contextu
1136 2127 1248 2191 hausta
1279 2136 1364 2193 sunt.

245 2244 409 2304 Praeterea
438 2263 501 2304 non
532 2239 621 2323 video
652 2261 747 2321 quare
778 2237 990 2322 Chaerephon,
1023 2260 1211 2322 quamquam
1236 2246 1268 2303 et
1290 2240 1366 2304 alibi

244 2354 311 2418 eius
335 2353 434 2439 pallor
455 2353 586 2429 ridetur,
609 2374 695 2415 nune
718 2350 920 2425 κλντειίονν
944 2353 1061 2415 mulieri
1084 2335 1219 2437 pallidae
1242 2375 1363 2439 compa-

245 2473 341 2546 retur,
365 2489 467 2550 neque
490 2466 567 2549 quid
591 2466 641 2529 hic
665 2465 705 2530 sit
728 2464 897 2545 κρεμαμένη
921 2466 989 2546 πρὸς
1012 2466 1285 2549 ποδῶννεεοιριιοι.
1305 2466 1369 2530 Lo-

247 2601 301 2642 eus
323 2577 507 2663 Vesperum‚
531 2586 569 2642 ut
592 2579 669 2642 mihi
693 2578 826 2657 videtur,
847 2585 1012 2671 corruptus
1031 2585 1087 2657 est,
1108 2585 1164 2641 aut
1178 2579 1360 2643 exciderunt

247 2693 410 2756 nonnulla.
434 2693 519 2774 Quid
543 2694 582 2757 de
603 2690 730 2778 parodia
753 2690 955 2754 statuendum
980 2690 1021 2753 sit
1043 2688 1194 2775 nesci01).

248 2925 302 2992 Vs.
328 2920 433 2990 1431.
501 2925 693 3008 ictericis
717 2924 839 2998 ἕκαστος
862 2926 944 3000 elisia
969 2924 1091 3005 τέχναν.

293 3041 495 3105 Proverbium
518 3049 598 3105 teste
621 3041 794 3104 scholiasta.
820 3039 883 3103 Cic.
909 3040 999 3103 Tusa.
1025 3038 1253 3120 Quaest118
1274 3044 1369 3120 „deae

136 3167 149 3182 ”
249 3154 324 3217 caim
354 3155 408 3216 illo
434 3155 581 3229 proverbio
607 3157 781 3217 Graecorum
802 3154 1002 3234 praecipiter:
1030 3155 1124 3220 aeram
1147 3154 1266 3238 quisque
1289 3155 1368 3218 κονίί

249 3274 352 3346 artem,
376 3267 408 3329 ιἰι
431 3268 486 3330 leae
503 3289 533 3330 ee
551 3265 712 3330 ererceet.”
733 3265 779 3328 Of.
801 3267 910 3328 Horat.
932 3264 1021 3349 Ep]
1038 3268 1088 3342 14,
1103 3269 1155 3328 44.
1168 3266 1225 3329 Est
1238 3267 1368 3332 fortasse

250 3378 465 3464 iambographi
487 3379 620 3443 alicuius
643 3378 754 3459 Ionici,
778 3378 866 3441 velut
890 3377 1081 3458 Archilochi,
1107 3380 1289 3445 versiculus.

252 3604 304 3668 Vs.
332 3596 425 3666 1482
459 3623 525 3685 sqq.
549 3599 715 3689 ¹Canticum
737 3600 948 3665 Philocleonis

384 3715 428 3786 τίς
451 3716 497 3778 ἐπ’
526 3714 663 3778 αὐλείοισι
687 3713 780 3794 θύραις
805 3714 920 3789 deicere

385 3830 493 3909 κλῇθρα
514 3826 662 3906 χαλοίοίω
685 3826 758 3891 reite
781 3828 942 3909 usquead
970 3830 1052 3890 1495
1077 3829 1250 3902 κοπολνδοίν.

254 3971 447 3982 -ῌ-...η-α

286 4041 303 4101 ¹)
321 4038 507 4087 Philooleonem
531 4038 604 4085 verbe
626 4037 713 4085 citasse
737 4037 794 4085 Lasi
816 4042 859 4085 eut
884 4037 1017 4085 Simonidis
1040 4037 1130 4098 (Schol.
1154 4038 1213 4086 Veh.
1233 4038 1270 4088 ad.
1291 4040 1373 4089 1411:

252 4129 307 4179 ἀντὶ
320 4132 363 4178 τοῦ
381 4127 446 4178 οὐδέν
463 4146 503 4189 μοι
517 4127 586 4189 μέλει
600 4128 689 4188 Σιμανί
691 4127 739 4188 δον)
756 4129 795 4176 vix
810 4129 888 4177 eredo.
900 4129 935 4176 Ut
945 4129 1017 4176 verba
1027 4129 1109 4189 ὀλίγον
1117 4147 1157 4189 μοι
1166 4127 1236 4189 μέλει
1248 4130 1371 4178 inveniret

251 4222 361 4286 profesto
377 4236 428 4269 non
444 4220 614 4269 recurrendum
632 4225 684 4268 erat
698 4219 728 4267 ad
736 4226 833 4284 poetam
843 4220 957 4284 lyricum.
971 4219 1017 4267 Sed
1027 4219 1139 4268 consulto
1149 4237 1238 4284 magno
1247 4221 1373 4270 exorditur

250 4312 322 4362 hiatu
336 4317 365 4360 ut
378 4312 450 4361 verba
466 4312 575 4376 proferat
591 4310 612 4359 si
629 4327 689 4375 quae
706 4310 757 4358 alis
774 4311 891 4375 vulgaria.
910 4311 1029 4360 Simonidi
1045 4327 1174 4375 οορκονιοιι
1190 4313 1276 4376 fuisse
1294 4319 1372 4361 Μελι-

251 4402 341 4465 κέρτην,
357 4404 422 4468 quod
438 4403 511 4453 etiam
521 4402 577 4466 filii
593 4405 655 4451 que
670 4419 755 4451 nemea
771 4407 833 4461 erat,
851 4402 930 4452 tradit
948 4402 1038 4452 Saietae
1057 4403 1074 4451 i.
1095 4420 1116 4451 ν.
1137 4409 1201 4464 Σιμ.

1228 4492 1240 4528 5
