3218 5370
597 613 722 656 caruca
745 614 779 656 rn
803 615 934 658 averno.
1232 601 1293 660 215

249 776 367 840 Verum
390 777 467 840 haec
489 800 552 840 non
574 779 638 841 veri
654 785 728 840 sunt
748 779 859 842 similia
878 803 979 862 neque
998 781 1135 844 multum
1159 783 1231 845 inde
1250 805 1318 866 pro·

203 876 316 940 ficitur.
349 876 490 940 Fortasse
521 878 576 941 lux
606 878 768 961 affulgebit
798 879 824 941 si
852 880 945 942 verba
975 879 1104 944 obscura
1134 883 1167 944 in
1198 881 1315 946 Graeca

203 978 419 1041 convertimus.
451 978 596 1062 Suspicor
625 979 708 1041 enim
738 980 770 1041 in
804 980 921 1042 Graeco
944 980 1023 1043 libro
1046 983 1195 1065 scriptum
1220 983 1315 1046 fuisse

204 1078 284 1155 μετὰ
317 1084 367 1141 τοῦ
402 1079 544 1154 Πηγάσου
580 1081 628 1161 (11
658 1078 760 1143 Schol.
791 1078 831 1142 Il.
864 1079 911 1142 VI
942 1084 1014 1163 155)
1046 1082 1084 1152 εἷς
1115 1084 1162 1145 τὸν
1193 1082 1312 1161 οὐρκνόν,

203 1201 337 1261 eumque
361 1180 415 1261 qui
438 1178 524 1242 Poet.
550 1190 622 1242 astr.
645 1180 826 1263 conscripsit
846 1182 971 1244 vertisse
992 1204 1026 1244 ac
1046 1182 1071 1243 si
1091 1182 1215 1264 legisset
1235 1183 1315 1258 arrd

202 1278 254 1350 τὴν
281 1287 381 1355 πηγῆς
403 1277 507 1359 εὕρεσιν
529 1281 569 1350 εἰς
592 1281 639 1343 τὸν
663 1281 786 1359 οὐρκνέν.
812 1279 900 1358 Quae
924 1282 1101 1344 coniectura
1123 1288 1227 1344 tamen
1251 1305 1313 1345 non

203 1376 241 1440 ab
271 1379 355 1441 omni
386 1390 473 1463 parte
504 1380 663 1456 satisfacit,
693 1380 766 1462 quia
794 1383 936 1456 Πηγάσου
967 1390 998 1443 11
1029 1405 1164 1457 raynero
1187 1384 1313 1464 quidem

203 1479 393 1541 conveniunt
423 1486 523 1543 cetera
554 1503 626 1542 vero
650 1480 806 1543 differunt.
831 1481 1044 1545 Nihilominus
1065 1485 1131 1546 fieri
1156 1492 1256 1567 potest
1280 1493 1317 1547 ut

202 1579 246 1641 ita
276 1580 424 1641 erraverit
454 1579 545 1642 homo
568 1580 661 1663 plane
684 1580 850 1663 plumbeus
873 1589 903 1642 et
926 1583 1098 1665 imperitus.
1124 1584 1210 1665 Quid
1234 1586 1316 1647 enim

202 1702 263 1742 non
291 1686 432 1763 expectes
461 1678 498 1741 ab
528 1703 563 1742 eo
594 1681 649 1762 qui
682 1681 800 1743 Graeca
830 1680 915 1744 Erat.
941 1680 1055 1744 Catast.
1081 1707 1106 1745 e.
1134 1687 1149 1744 l
1177 1678 1263 1747 odocar
1288 1685 1313 1747 δ’

200 1780 229 1842 ἐν
259 1782 298 1859 τῷ
324 1778 375 1859 ὄρει
404 1781 564 1858 dapsoddvxr
587 1782 641 1843 ὑπὸ
666 1779 792 1843 αἰπόλων
815 1805 895 1844 τινων
916 1780 1027 1845 Latine
1052 1783 1203 1847 reddidit:
1234 1789 1314 1852 Quae

201 1904 264 1944 cum
293 1882 324 1943 iu
354 1882 430 1943 altra
459 1888 493 1943 at
520 1882 592 1963 s'eru
622 1890 780 1961 vaporetur
803 1907 822 1944 a
845 1884 1015 1964 quibusdam
1038 1886 1204 1946 Aetolorum
1227 1892 1312 1965 coptu

200 1987 258 2043 cet.
283 1981 451 2043 etiterum
474 2002 500 2043 c.
526 1984 562 2042 d:
587 1983 668 2044 dedit
690 1983 804 2045 cuidam
827 1985 992 2046 Aetolorum
1010 1986 1156 2061 airardum,
1181 1992 1212 2046 et
1234 1986 1312 2047 eius-

200 2081 270 2144 dem
303 2079 392 2143 verba
423 2103 447 2142 1.
480 2082 519 2141 13
543 2078 736 2164 (Ἥφκιστος)
761 2083 862 2161 ἀφῆκε
886 2082 937 2154 τὴν
960 2084 1124 2159 ἑπιθυμίκν,
1147 2085 1307 2162 <peractum

199 2181 237 2253 εἰς
260 2180 312 2252 τὴν
335 2189 391 2257 γῆν
415 2189 468 2253 τῆς
491 2184 615 2260 caeptis:
640 2184 748 2265 effudit
767 2184 799 2244 iu
818 2191 926 2246 terram
946 2184 1155 2264 1111111111ιέ
1174 2183 1220 2246 Cf.
1233 2185 1311 2246 Bur·

200 2282 275 2359 sian,
304 2282 324 2344 l.
354 2281 374 2344 l.
407 2304 438 2365 p.
473 2281 533 2343 765
565 2289 596 2343 11
621 2281 905 2364 Sitzungsberichte
936 2282 990 2345 der
1009 2283 1048 2346 K.
1074 2283 1108 2345 B.
1134 2284 1305 2348 Akademie

199 2381 253 2444 der
277 2380 541 2444 Wissenschaftcn
565 2404 603 2443 zu
628 2381 794 2444 Miinchcn.
823 2383 917 2445 lato.
942 2383 959 2445 Ι
982 2407 1011 2467 p.
1037 2389 1066 2448 9.

243 2480 346 2544 'Vcrba
369 2482 475 2565 inepta
498 2486 604 2558 „unde
626 2483 718 2545 victor
737 2484 931 2563 profupieoa”
956 2485 1033 2566 quin
1056 2484 1152 2547 simili
1177 2485 1266 2548 modo
1290 2510 1305 2549 e

201 2581 326 2644 Graecis
356 2581 535 2665 explicanda
566 2583 637 2661 sint,
668 2605 731 2645 non
761 2583 881 2647 dubito.
915 2583 962 2646 De
991 2587 1072 2667 Hyg.
1098 2584 1132 2647 P.
1157 2589 1195 2647 A.
1221 2609 1246 2648 c.
1272 2589 1311 2648 37

200 2682 264 2744 dixi
288 2704 357 2765 pag.
385 2685 457 2744 lla.

243 2782 472 2859 Eratosthenes,
492 2803 587 2864 quem
610 2790 641 2845 et
664 2782 737 2845 alibi
760 2791 791 2846 ct
815 2784 872 2845 hoc
895 2784 960 2867 ipso
983 2785 1084 2868 capite
1111 2787 1149 2847 18
1168 2787 1309 2867 sequitur

196 2882 340 2966 Hyginus
353 2882 375 2965 1)
404 2886 451 2966 (ut
473 2890 596 2966 recepto
619 2884 744 2946 nomine
769 2887 850 2965 utar)
876 2884 1035 2947 historiam
1058 2884 1308 2969 Bellerophontis

196 3006 259 3046 non
292 2983 401 3061 hahet;
433 3006 532 3067 pauca
563 3006 641 3066 quae
672 2984 716 3046 ibi
745 2984 897 3066 leguntur
926 2983 1009 3048 dator
1040 2987 1071 3048 tr
1094 2986 1141 3049 τὸν
1165 2989 1304 3064 [Idyma

197 3079 270 3149 εἶναί
290 3092 367 3165 <haer
391 3086 438 3148 τὸν
460 3085 499 3156 εἷς
523 3086 563 3147 rt
585 3084 681 3163 dospx
703 3085 893 3158 assertura,
915 3083 1027 3165 ὕστερον
1046 3095 1099 3160 τῆς
1119 3089 1311 3168 Βελλεροφόν-

197 3209 246 3250 του
268 3188 404 3258 πτώσεως
427 3185 639 3269 interpolatori
664 3185 826 3264 debentur,
852 3193 888 3248 ut
912 3187 973 3248 iam
996 3187 1168 3251 observavit
1191 3189 1310 3272 Heyne.

232 3447 248 3505 ¹)
266 3448 365 3493 Summo
383 3445 435 3493 iure
452 3461 501 3492 non
518 3445 650 3492 assentitur
668 3446 781 3502 Bursian,
798 3446 814 3493 l.
833 3446 858 3502 1.,
880 3445 910 3492 iis
927 3445 968 3508 qni
984 3445 1305 3493 EratosthenisCatasteris·

197 3542 249 3573 mos
271 3542 299 3573 ex
322 3525 414 3588 llygiui
438 3526 504 3572 Poet.
523 3531 580 3572 astr.
599 3525 732 3572 translatos
749 3541 799 3571 esse
818 3530 912 3587 putant.
930 3526 1075 3587 ltcpugnant
1093 3524 1149 3571 hnic
1167 3525 1302 3572 sententiae

196 3604 288 3651 etalio
310 3610 334 3650 et
352 3604 400 3650 loci
417 3604 504 3666 tragici
522 3619 624 3666 quorum
643 3604 746 3666 vestigio
762 3604 917 3666 reperiuntur
934 3602 986 3650 Cat.
1005 3621 1024 3650 c.
1043 3605 1072 3650 13
1091 3610 1115 3650 11
1135 3605 1173 3650 35.
1194 3603 1231 3650 Of.
1251 3621 1307 3652 anu.

197 3682 227 3730 ad
244 3683 340 3730 'l'hcsnn
360 3682 398 3732 17.

228 3762 274 3809 Sed
291 3778 366 3823 neque
381 3761 610 3809 Catasterismornm
628 3761 690 3807 libor
707 3761 747 3823 qni
766 3760 795 3807 ad
813 3777 857 3808 nos
871 3760 982 3823 pervenit
997 3762 1119 3822 integrum
1136 3761 1307 3808 Eratosthenis

195 3857 255 3904 opus
279 3847 322 3887 cst.
347 3840 407 3902 Quis
424 3840 489 3887 enim
506 3840 588 3887 credat
606 3857 619 3886 1
639 3839 779 3886 doctissimo
798 3840 843 3886 illo
862 3841 913 3887 viro
931 3840 1040 3902 proh-cta
1059 3857 1108 3887 esse
1127 3857 1186 3902 quac
1203 3841 1307 3902 legimus

195 3938 214 3967 c.
234 3921 265 3967 20
283 3919 311 3967 de
329 3919 406 3966 sidere
424 3919 538 3965 Deltoto:
556 3918 657 3975 εὔσημον
676 3916 700 3964 δὲ·
718 3924 746 3964 τὸ
764 3918 867 3976 γρέμμκ
885 3916 923 3964 ἐπ’
943 3917 1018 3964 αὐτοῦ
1033 3914 1123 3965 ustulat
1138 3919 1185 3966 ἀπὸ
1203 3930 1257 3974 Acar
1273 3929 1312 3967 et:

195 3998 258 4058 φασὶ
275 3996 301 4044 δέ
317 4014 377 4052 τινες
394 3997 436 4044 axi
451 3998 494 4051 τὴν
511 4000 553 4052 τῆς
571 3995 699 4055 Αἰγύπτου
718 3995 777 4043 θέσιν
796 3994 821 4043 ἐκ
839 4000 881 4043 τοῦ
896 3994 918 4043 ἐν
933 3998 982 4051 τοῖς
997 3995 1090 4055 ἅττροις
1107 3995 1164 4044 sirac
1179 3996 1312 4058 τριγώνουῖ)

193 4077 270 4124 Plura
287 4077 394 4124 ciusdem
412 4077 507 4139 generis
524 4076 599 4123 habet
618 4075 680 4137 llyg.
700 4076 726 4123 P.
746 4078 774 4122 A.
797 4092 816 4122 1.
839 4076 875 4122 19.
