<?xml version="1.0" encoding="UTF-8"?>
<!DOCTYPE html PUBLIC "-//W3C//DTD XHTML 1.0 Transitional//EN"
    "http://www.w3.org/TR/xhtml1/DTD/xhtml1-transitional.dtd">
<html xmlns="http://www.w3.org/1999/xhtml" xml:lang="en" lang="en">
 <head>
  <title>
</title>
<meta http-equiv="Content-Type" content="text/html;charset=utf-8" />
  <meta name='ocr-system' content='tesseract 3.04.00' />
  <meta name='ocr-capabilities' content='ocr_page ocr_carea ocr_par ocr_line ocrx_word'/>
</head>
<body>
  <div class='ocr_page' id='page_1' title='image "./deparodiaincomo00bakhgoog_0167.png"; bbox 0 0 3218 5370; ppageno 0'>
   <div class='ocr_carea' id='block_1_1' title="bbox 262 643 854 703">
    <p class='ocr_par' dir='ltr' id='par_1_1' title="bbox 262 643 854 703">
     <span class='ocr_line' id='line_1_1' title="bbox 262 643 854 703; baseline -0.002 -1"><span class='ocrx_word' id='word_1_1' title='bbox 262 643 324 703; x_wconf 70' lang='grc'><strong>154</strong></span> <span class='ocrx_word' id='word_1_2' title='bbox 740 659 854 702; x_wconf 75' lang='grc'><strong>11111111.</strong></span> 
     </span>
    </p>
   </div>
   <div class='ocr_carea' id='block_1_2' title="bbox 235 824 1372 3396">
    <p class='ocr_par' dir='ltr' id='par_1_2' title="bbox 239 824 1356 1012">
     <span class='ocr_line' id='line_1_2' title="bbox 239 824 1356 903; baseline 0.002 -16"><span class='ocrx_word' id='word_1_3' title='bbox 239 832 271 887; x_wconf 89' lang='lat' dir='ltr'>et</span> <span class='ocrx_word' id='word_1_4' title='bbox 294 825 395 888; x_wconf 88' lang='lat' dir='ltr'>Schol.</span> <span class='ocrx_word' id='word_1_5' title='bbox 423 828 505 888; x_wconf 94' lang='grc'><strong>1051</strong></span> <span class='ocrx_word' id='word_1_6' title='bbox 531 824 642 888; x_wconf 75' lang='grc' dir='ltr'><em>πολλαὶ</em></span> <span class='ocrx_word' id='word_1_7' title='bbox 666 824 718 897; x_wconf 72' lang='grc' dir='ltr'>τὴν</span> <span class='ocrx_word' id='word_1_8' title='bbox 741 824 912 899; x_wconf 67' lang='grc' dir='ltr'><em>Σθενέβοιαν</em></span> <span class='ocrx_word' id='word_1_9' title='bbox 936 825 1145 903; x_wconf 71' lang='grc' dir='ltr'>μιμησάμεναι</span> <span class='ocrx_word' id='word_1_10' title='bbox 1163 832 1280 890; x_wconf 83' lang='grc' dir='ltr'><em>πιοῦσαι</em></span> <span class='ocrx_word' id='word_1_11' title='bbox 1300 827 1356 889; x_wconf 83' lang='grc' dir='ltr'>κώ·</span> 
     </span>
     <span class='ocr_line' id='line_1_3' title="bbox 241 938 535 1012; baseline -0.003 -11"><span class='ocrx_word' id='word_1_12' title='bbox 241 961 309 1002; x_wconf 87' lang='grc' dir='ltr'><em>νειον</em></span> <span class='ocrx_word' id='word_1_13' title='bbox 332 938 535 1012; x_wconf 68' lang='grc' dir='ltr'>ἐτελεύτησαν.</span> 
     </span>
    </p>

    <p class='ocr_par' dir='ltr' id='par_1_3' title="bbox 235 1049 1372 2492">
     <span class='ocr_line' id='line_1_4' title="bbox 283 1049 1357 1135; baseline 0.001 -21"><span class='ocrx_word' id='word_1_14' title='bbox 283 1049 368 1130; x_wconf 76' lang='lat' dir='ltr'>Quid</span> <span class='ocrx_word' id='word_1_15' title='bbox 397 1051 620 1135; x_wconf 83' lang='lat' dir='ltr'><strong>Aristophanes</strong></span> <span class='ocrx_word' id='word_1_16' title='bbox 643 1051 777 1114; x_wconf 90' lang='lat' dir='ltr'>voluerit</span> <span class='ocrx_word' id='word_1_17' title='bbox 801 1052 944 1135; x_wconf 80' lang='lat' dir='ltr'>expedire</span> <span class='ocrx_word' id='word_1_18' title='bbox 968 1075 1031 1115; x_wconf 93' lang='lat' dir='ltr'>non</span> <span class='ocrx_word' id='word_1_19' title='bbox 1055 1053 1144 1116; x_wconf 88' lang='lat' dir='ltr'>facile</span> <span class='ocrx_word' id='word_1_20' title='bbox 1169 1060 1225 1116; x_wconf 87' lang='lat' dir='ltr'>est.</span> <span class='ocrx_word' id='word_1_21' title='bbox 1250 1051 1357 1116; x_wconf 86' lang='lat' dir='ltr'>Koch:</span> 
     </span>
     <span class='ocr_line' id='line_1_5' title="bbox 238 1163 1357 1248; baseline 0.001 -21"><span class='ocrx_word' id='word_1_22' title='bbox 238 1165 320 1243; x_wconf 88' lang='lat' dir='ltr'>„Sie</span> <span class='ocrx_word' id='word_1_23' title='bbox 351 1164 510 1228; x_wconf 74' lang='lat' dir='ltr'>schtmten</span> <span class='ocrx_word' id='word_1_24' title='bbox 544 1165 609 1228; x_wconf 86' lang='lat' dir='ltr'>sich</span> <span class='ocrx_word' id='word_1_25' title='bbox 642 1165 697 1227; x_wconf 89' lang='lat' dir='ltr'>der</span> <span class='ocrx_word' id='word_1_26' title='bbox 731 1165 884 1227; x_wconf 91' lang='lat' dir='ltr'>unreinen</span> <span class='ocrx_word' id='word_1_27' title='bbox 920 1163 1092 1248; x_wconf 88' lang='lat' dir='ltr'>Begierden</span> <span class='ocrx_word' id='word_1_28' title='bbox 1122 1165 1204 1228; x_wconf 90' lang='lat' dir='ltr'>ihres</span> <span class='ocrx_word' id='word_1_29' title='bbox 1235 1165 1357 1247; x_wconf 84' lang='lat' dir='ltr'>eigenes</span> 
     </span>
     <span class='ocr_line' id='line_1_6' title="bbox 237 1277 1359 1363; baseline -0.001 -21"><span class='ocrx_word' id='word_1_30' title='bbox 237 1327 257 1355; x_wconf 90' lang='lat'>‚‚</span> <span class='ocrx_word' id='word_1_31' title='bbox 268 1277 471 1342; x_wconf 83' lang='lat' dir='ltr'>Geschlechts</span> <span class='ocrx_word' id='word_1_32' title='bbox 493 1278 535 1340; x_wconf 92' lang='lat' dir='ltr'>im</span> <span class='ocrx_word' id='word_1_33' title='bbox 549 1278 721 1360; x_wconf 84' lang='lat' dir='ltr'>Gegensatz</span> <span class='ocrx_word' id='word_1_34' title='bbox 733 1301 769 1340; x_wconf 86' lang='lat' dir='ltr'>au</span> <span class='ocrx_word' id='word_1_35' title='bbox 784 1279 839 1341; x_wconf 90' lang='lat' dir='ltr'>der</span> <span class='ocrx_word' id='word_1_36' title='bbox 851 1277 1044 1341; x_wconf 90' lang='lat' dir='ltr'>Keuschheit</span> <span class='ocrx_word' id='word_1_37' title='bbox 1056 1278 1109 1341; x_wconf 92' lang='lat' dir='ltr'>des</span> <span class='ocrx_word' id='word_1_38' title='bbox 1120 1277 1359 1363; x_wconf 89' lang='lat' dir='ltr'>Bellerophon.’&#39;</span> 
     </span>
     <span class='ocr_line' id='line_1_7' title="bbox 238 1390 1360 1476; baseline 0.001 -23"><span class='ocrx_word' id='word_1_39' title='bbox 238 1390 358 1453; x_wconf 84' lang='lat' dir='ltr'>Dubito</span> <span class='ocrx_word' id='word_1_40' title='bbox 389 1413 466 1454; x_wconf 91' lang='lat' dir='ltr'>num</span> <span class='ocrx_word' id='word_1_41' title='bbox 494 1398 586 1454; x_wconf 89' lang='lat' dir='ltr'>recte.</span> <span class='ocrx_word' id='word_1_42' title='bbox 619 1392 728 1475; x_wconf 79' lang='lat' dir='ltr'>Carpit</span> <span class='ocrx_word' id='word_1_43' title='bbox 756 1391 930 1475; x_wconf 83' lang='lat' dir='ltr'><strong>Aeschylus</strong></span> <span class='ocrx_word' id='word_1_44' title='bbox 961 1391 1145 1476; x_wconf 78' lang='lat' dir='ltr'>Euripidem</span> <span class='ocrx_word' id='word_1_45' title='bbox 1171 1391 1255 1474; x_wconf 91' lang='lat' dir='ltr'>quod</span> <span class='ocrx_word' id='word_1_46' title='bbox 1277 1392 1360 1454; x_wconf 83' lang='lat' dir='ltr'>nef·</span> 
     </span>
     <span class='ocr_line' id='line_1_8' title="bbox 235 1504 1355 1588; baseline 0.002 -22"><span class='ocrx_word' id='word_1_47' title='bbox 235 1505 295 1567; x_wconf 90' lang='lat' dir='ltr'>rias</span> <span class='ocrx_word' id='word_1_48' title='bbox 325 1505 359 1568; x_wconf 94' lang='lat' dir='ltr'>in</span> <span class='ocrx_word' id='word_1_49' title='bbox 388 1527 510 1568; x_wconf 81' lang='lat' dir='ltr'><strong>scenam</strong></span> <span class='ocrx_word' id='word_1_50' title='bbox 534 1504 683 1588; x_wconf 85' lang='lat' dir='ltr'>produxit</span> <span class='ocrx_word' id='word_1_51' title='bbox 707 1505 863 1584; x_wconf 91' lang='lat' dir='ltr'>mulieres,</span> <span class='ocrx_word' id='word_1_52' title='bbox 887 1504 1041 1568; x_wconf 89' lang='lat' dir='ltr'>Phaedras</span> <span class='ocrx_word' id='word_1_53' title='bbox 1064 1504 1334 1588; x_wconf 87' lang='lat' dir='ltr'>Stheneboeasque</span> <span class='ocrx_word' id='word_1_54' title='bbox 1346 1533 1355 1584; x_wconf 91' lang='lat'>;</span> 
     </span>
     <span class='ocr_line' id='line_1_9' title="bbox 240 1617 1359 1703; baseline 0.002 -24"><span class='ocrx_word' id='word_1_55' title='bbox 240 1617 347 1699; x_wconf 91' lang='lat' dir='ltr'>itaque</span> <span class='ocrx_word' id='word_1_56' title='bbox 360 1618 481 1700; x_wconf 82' lang='lat' dir='ltr'>roganti</span> <span class='ocrx_word' id='word_1_57' title='bbox 494 1618 570 1700; x_wconf 93' lang='lat' dir='ltr'>quid</span> <span class='ocrx_word' id='word_1_58' title='bbox 585 1618 656 1681; x_wconf 91' lang='lat' dir='ltr'>illae</span> <span class='ocrx_word' id='word_1_59' title='bbox 669 1624 801 1681; x_wconf 85' lang='lat' dir='ltr'>noceant</span> <span class='ocrx_word' id='word_1_60' title='bbox 814 1617 1029 1681; x_wconf 80' lang='lat' dir='ltr'>Stheneboeae</span> <span class='ocrx_word' id='word_1_61' title='bbox 1037 1618 1221 1701; x_wconf 91' lang='lat' dir='ltr'>respondere</span> <span class='ocrx_word' id='word_1_62' title='bbox 1233 1641 1296 1681; x_wconf 95' lang='lat' dir='ltr'>non</span> <span class='ocrx_word' id='word_1_63' title='bbox 1308 1641 1359 1703; x_wconf 93' lang='lat' dir='ltr'>po-</span> 
     </span>
     <span class='ocr_line' id='line_1_10' title="bbox 239 1729 1360 1814; baseline 0.002 -22"><span class='ocrx_word' id='word_1_64' title='bbox 239 1731 320 1793; x_wconf 90' lang='lat' dir='ltr'>tuit:</span> <span class='ocrx_word' id='word_1_65' title='bbox 335 1731 418 1813; x_wconf 86' lang='lat' dir='ltr'>¹quia</span> <span class='ocrx_word' id='word_1_66' title='bbox 441 1729 480 1793; x_wconf 95' lang='lat' dir='ltr'>ob</span> <span class='ocrx_word' id='word_1_67' title='bbox 505 1731 678 1794; x_wconf 84' lang='lat' dir='ltr'>castitatem</span> <span class='ocrx_word' id='word_1_68' title='bbox 702 1730 953 1814; x_wconf 81' lang='lat' dir='ltr'>Bellerophontis</span> <span class='ocrx_word' id='word_1_69' title='bbox 977 1736 1136 1793; x_wconf 88' lang='lat' dir='ltr'>matronae</span> <span class='ocrx_word' id='word_1_70' title='bbox 1159 1753 1276 1793; x_wconf 89' lang='lat' dir='ltr'>veneno</span> <span class='ocrx_word' id='word_1_71' title='bbox 1302 1730 1360 1794; x_wconf 88' lang='lat' dir='ltr'>sihi</span> 
     </span>
     <span class='ocr_line' id='line_1_11' title="bbox 240 1843 1361 1927; baseline 0.001 -22"><span class='ocrx_word' id='word_1_72' title='bbox 240 1850 371 1905; x_wconf 90' lang='lat' dir='ltr'>mortem</span> <span class='ocrx_word' id='word_1_73' title='bbox 396 1844 623 1907; x_wconf 86' lang='lat' dir='ltr'>consciverunt.</span> <span class='ocrx_word' id='word_1_74' title='bbox 645 1843 802 1927; x_wconf 86' lang='lat' dir='ltr'>Suspicari</span> <span class='ocrx_word' id='word_1_75' title='bbox 823 1844 939 1920; x_wconf 89' lang='lat' dir='ltr'>malim,</span> <span class='ocrx_word' id='word_1_76' title='bbox 960 1865 1149 1926; x_wconf 89' lang='lat' dir='ltr'>quamquam</span> <span class='ocrx_word' id='word_1_77' title='bbox 1169 1865 1271 1926; x_wconf 92' lang='lat' dir='ltr'>neque</span> <span class='ocrx_word' id='word_1_78' title='bbox 1282 1843 1361 1906; x_wconf 92' lang='lat' dir='ltr'>mihi</span> 
     </span>
     <span class='ocr_line' id='line_1_12' title="bbox 240 1957 1359 2041; baseline 0.002 -23"><span class='ocrx_word' id='word_1_79' title='bbox 240 1958 343 2020; x_wconf 87' lang='lat' dir='ltr'>omnia</span> <span class='ocrx_word' id='word_1_80' title='bbox 379 1958 542 2041; x_wconf 89' lang='lat' dir='ltr'>perspicua</span> <span class='ocrx_word' id='word_1_81' title='bbox 577 1965 662 2034; x_wconf 85' lang='lat' dir='ltr'>sunt,</span> <span class='ocrx_word' id='word_1_82' title='bbox 694 1980 756 2020; x_wconf 92' lang='lat' dir='ltr'>non</span> <span class='ocrx_word' id='word_1_83' title='bbox 787 1957 927 2020; x_wconf 91' lang='lat' dir='ltr'>homines</span> <span class='ocrx_word' id='word_1_84' title='bbox 957 1957 1090 2021; x_wconf 90' lang='lat' dir='ltr'>voluisse</span> <span class='ocrx_word' id='word_1_85' title='bbox 1120 1957 1359 2041; x_wconf 85' lang='lat' dir='ltr'>Aristophanem</span> 
     </span>
     <span class='ocr_line' id='line_1_13' title="bbox 241 2068 1361 2154; baseline -0.004 -20"><span class='ocrx_word' id='word_1_86' title='bbox 241 2071 294 2134; x_wconf 86' lang='lat' dir='ltr'>sed</span> <span class='ocrx_word' id='word_1_87' title='bbox 321 2070 494 2153; x_wconf 87' lang='lat' dir='ltr'>tragoedias</span> <span class='ocrx_word' id='word_1_88' title='bbox 518 2070 619 2152; x_wconf 90' lang='lat' dir='ltr'>qualis</span> <span class='ocrx_word' id='word_1_89' title='bbox 639 2068 847 2154; x_wconf 84' lang='lat' dir='ltr'>Bellerophon</span> <span class='ocrx_word' id='word_1_90' title='bbox 867 2070 939 2132; x_wconf 86' lang='lat' dir='ltr'>fnit.</span> <span class='ocrx_word' id='word_1_91' title='bbox 960 2069 1033 2154; x_wconf 88' lang='lat' dir='ltr'>Ipsa</span> <span class='ocrx_word' id='word_1_92' title='bbox 1046 2069 1238 2132; x_wconf 83' lang='lat' dir='ltr'>Stheneboea</span> <span class='ocrx_word' id='word_1_93' title='bbox 1250 2070 1282 2132; x_wconf 92' lang='lat' dir='ltr'>in</span> <span class='ocrx_word' id='word_1_94' title='bbox 1295 2070 1361 2132; x_wconf 88' lang='lat' dir='ltr'>dra·</span> 
     </span>
     <span class='ocr_line' id='line_1_14' title="bbox 242 2182 1361 2266; baseline 0 -21"><span class='ocrx_word' id='word_1_95' title='bbox 242 2190 325 2245; x_wconf 90' lang='lat' dir='ltr'>mate</span> <span class='ocrx_word' id='word_1_96' title='bbox 356 2182 596 2266; x_wconf 84' lang='lat' dir='ltr'>Bellerophonte</span> <span class='ocrx_word' id='word_1_97' title='bbox 627 2205 690 2245; x_wconf 92' lang='lat' dir='ltr'>non</span> <span class='ocrx_word' id='word_1_98' title='bbox 712 2183 828 2266; x_wconf 90' lang='lat' dir='ltr'>prodiit</span> <span class='ocrx_word' id='word_1_99' title='bbox 852 2184 900 2266; x_wconf 86' lang='lat' dir='ltr'>(cf.</span> <span class='ocrx_word' id='word_1_100' title='bbox 925 2183 962 2245; x_wconf 89' lang='lat' dir='ltr'>ad</span> <span class='ocrx_word' id='word_1_101' title='bbox 987 2185 1058 2245; x_wconf 87' lang='lat' dir='ltr'>Pac.</span> <span class='ocrx_word' id='word_1_102' title='bbox 1086 2185 1137 2264; x_wconf 86' lang='grc'>76)</span> <span class='ocrx_word' id='word_1_103' title='bbox 1161 2182 1268 2245; x_wconf 89' lang='lat' dir='ltr'>sedin</span> <span class='ocrx_word' id='word_1_104' title='bbox 1292 2205 1361 2266; x_wconf 91' lang='lat' dir='ltr'>pro·</span> 
     </span>
     <span class='ocr_line' id='line_1_15' title="bbox 243 2292 1372 2380; baseline 0.003 -22"><span class='ocrx_word' id='word_1_105' title='bbox 243 2295 313 2378; x_wconf 92' lang='lat' dir='ltr'>logo</span> <span class='ocrx_word' id='word_1_106' title='bbox 346 2301 377 2357; x_wconf 93' lang='lat' dir='ltr'>et</span> <span class='ocrx_word' id='word_1_107' title='bbox 399 2319 415 2358; x_wconf 94' lang='lat' dir='ltr'>e</span> <span class='ocrx_word' id='word_1_108' title='bbox 438 2292 686 2380; x_wconf 88' lang='lat' dir='ltr'>Bellerophontis</span> <span class='ocrx_word' id='word_1_109' title='bbox 709 2297 845 2378; x_wconf 89' lang='lat' dir='ltr'>querelis</span> <span class='ocrx_word' id='word_1_110' title='bbox 867 2296 941 2359; x_wconf 89' lang='lat' dir='ltr'>satis</span> <span class='ocrx_word' id='word_1_111' title='bbox 964 2317 1111 2379; x_wconf 89' lang='lat' dir='ltr'>apparere</span> <span class='ocrx_word' id='word_1_112' title='bbox 1134 2295 1242 2378; x_wconf 90' lang='lat' dir='ltr'>potuit</span> <span class='ocrx_word' id='word_1_113' title='bbox 1266 2316 1372 2377; x_wconf 63' lang='lat' dir='ltr'>quam,</span> 
     </span>
     <span class='ocr_line' id='line_1_16' title="bbox 242 2408 710 2492; baseline 0.002 -21"><span class='ocrx_word' id='word_1_114' title='bbox 242 2408 407 2472; x_wconf 89' lang='lat' dir='ltr'>libidinosa</span> <span class='ocrx_word' id='word_1_115' title='bbox 430 2415 461 2472; x_wconf 93' lang='lat' dir='ltr'>et</span> <span class='ocrx_word' id='word_1_116' title='bbox 483 2410 598 2492; x_wconf 88' lang='lat' dir='ltr'>perfida</span> <span class='ocrx_word' id='word_1_117' title='bbox 622 2417 710 2472; x_wconf 88' lang='lat' dir='ltr'>esset.</span> 
     </span>
    </p>

    <p class='ocr_par' dir='ltr' id='par_1_4' title="bbox 240 2521 1362 3396">
     <span class='ocr_line' id='line_1_17' title="bbox 285 2521 1361 2605; baseline 0.001 -20"><span class='ocrx_word' id='word_1_118' title='bbox 285 2523 336 2585; x_wconf 91' lang='lat' dir='ltr'>An</span> <span class='ocrx_word' id='word_1_119' title='bbox 372 2523 455 2605; x_wconf 91' lang='lat' dir='ltr'>quod</span> <span class='ocrx_word' id='word_1_120' title='bbox 488 2523 526 2585; x_wconf 92' lang='lat' dir='ltr'>de</span> <span class='ocrx_word' id='word_1_121' title='bbox 558 2521 749 2585; x_wconf 85' lang='lat' dir='ltr'>Stheneboea</span> <span class='ocrx_word' id='word_1_122' title='bbox 781 2545 899 2585; x_wconf 86' lang='lat' dir='ltr'>veneno</span> <span class='ocrx_word' id='word_1_123' title='bbox 922 2529 1052 2585; x_wconf 92' lang='lat' dir='ltr'>mortem</span> <span class='ocrx_word' id='word_1_124' title='bbox 1072 2522 1129 2586; x_wconf 93' lang='lat' dir='ltr'>sibi</span> <span class='ocrx_word' id='word_1_125' title='bbox 1154 2523 1361 2586; x_wconf 87' lang='lat' dir='ltr'>consciscente</span> 
     </span>
     <span class='ocr_line' id='line_1_18' title="bbox 241 2635 1362 2720; baseline 0.002 -24"><span class='ocrx_word' id='word_1_126' title='bbox 241 2643 412 2697; x_wconf 90' lang='lat' dir='ltr'>memorant</span> <span class='ocrx_word' id='word_1_127' title='bbox 442 2636 623 2699; x_wconf 88' lang='lat' dir='ltr'>scholiastae</span> <span class='ocrx_word' id='word_1_128' title='bbox 653 2642 685 2698; x_wconf 92' lang='lat' dir='ltr'>et</span> <span class='ocrx_word' id='word_1_129' title='bbox 715 2635 860 2718; x_wconf 86' lang='lat' dir='ltr'>Hyginus</span> <span class='ocrx_word' id='word_1_130' title='bbox 890 2635 950 2698; x_wconf 88' lang='lat' dir='ltr'>lab.</span> <span class='ocrx_word' id='word_1_131' title='bbox 985 2637 1024 2698; x_wconf 86' lang='lat'>57</span> <span class='ocrx_word' id='word_1_132' title='bbox 1049 2659 1086 2699; x_wconf 84' lang='lat' dir='ltr'>ex</span> <span class='ocrx_word' id='word_1_133' title='bbox 1108 2635 1261 2720; x_wconf 78' lang='lat' dir='ltr'>Euripide</span> <span class='ocrx_word' id='word_1_134' title='bbox 1285 2636 1362 2720; x_wconf 91' lang='lat' dir='ltr'>peti·</span> 
     </span>
     <span class='ocr_line' id='line_1_19' title="bbox 241 2748 1360 2831; baseline 0 -21"><span class='ocrx_word' id='word_1_135' title='bbox 241 2755 310 2810; x_wconf 93' lang='lat' dir='ltr'>tum</span> <span class='ocrx_word' id='word_1_136' title='bbox 344 2748 394 2824; x_wconf 89' lang='lat' dir='ltr'>sit,</span> <span class='ocrx_word' id='word_1_137' title='bbox 430 2749 595 2811; x_wconf 89' lang='lat' dir='ltr'>nescimus.</span> <span class='ocrx_word' id='word_1_138' title='bbox 626 2748 665 2810; x_wconf 90' lang='lat' dir='ltr'>In</span> <span class='ocrx_word' id='word_1_139' title='bbox 696 2748 834 2811; x_wconf 86' lang='lat' dir='ltr'>dramate</span> <span class='ocrx_word' id='word_1_140' title='bbox 867 2748 1059 2811; x_wconf 83' lang='lat' dir='ltr'>Stheneboea</span> <span class='ocrx_word' id='word_1_141' title='bbox 1091 2749 1197 2831; x_wconf 87' lang='lat' dir='ltr'>regina</span> <span class='ocrx_word' id='word_1_142' title='bbox 1220 2749 1252 2811; x_wconf 92' lang='lat' dir='ltr'>in</span> <span class='ocrx_word' id='word_1_143' title='bbox 1277 2771 1360 2812; x_wconf 91' lang='lat' dir='ltr'>mare</span> 
     </span>
     <span class='ocr_line' id='line_1_20' title="bbox 241 2861 1358 2945; baseline 0 -22"><span class='ocrx_word' id='word_1_144' title='bbox 241 2861 391 2938; x_wconf 85' lang='lat' dir='ltr'>deicitur;</span> <span class='ocrx_word' id='word_1_145' title='bbox 422 2861 488 2924; x_wconf 86' lang='lat' dir='ltr'>fieri</span> <span class='ocrx_word' id='word_1_146' title='bbox 511 2868 613 2945; x_wconf 90' lang='lat' dir='ltr'>potest</span> <span class='ocrx_word' id='word_1_147' title='bbox 637 2884 703 2924; x_wconf 89' lang='lat' dir='ltr'>eam</span> <span class='ocrx_word' id='word_1_148' title='bbox 726 2863 760 2925; x_wconf 96' lang='lat' dir='ltr'>in</span> <span class='ocrx_word' id='word_1_149' title='bbox 783 2863 920 2925; x_wconf 88' lang='lat' dir='ltr'>dramate</span> <span class='ocrx_word' id='word_1_150' title='bbox 944 2861 1185 2945; x_wconf 89' lang='lat' dir='ltr'>Bellerophonte</span> <span class='ocrx_word' id='word_1_151' title='bbox 1205 2884 1358 2925; x_wconf 87' lang='lat' dir='ltr'>venenum</span> 
     </span>
     <span class='ocr_line' id='line_1_21' title="bbox 241 2974 1359 3058; baseline -0.001 -21"><span class='ocrx_word' id='word_1_152' title='bbox 241 2975 387 3037; x_wconf 89' lang='lat' dir='ltr'>sumsisse</span> <span class='ocrx_word' id='word_1_153' title='bbox 419 2974 547 3056; x_wconf 92' lang='lat' dir='ltr'>eiusque</span> <span class='ocrx_word' id='word_1_154' title='bbox 579 2981 709 3036; x_wconf 89' lang='lat' dir='ltr'>mortem</span> <span class='ocrx_word' id='word_1_155' title='bbox 741 2974 978 3058; x_wconf 81' lang='lat' dir='ltr'>Bellerophonti</span> <span class='ocrx_word' id='word_1_156' title='bbox 1008 2975 1186 3037; x_wconf 89' lang='lat' dir='ltr'>nuntiatam</span> <span class='ocrx_word' id='word_1_157' title='bbox 1217 2997 1291 3053; x_wconf 82' lang='lat' dir='ltr'>esse,</span> <span class='ocrx_word' id='word_1_158' title='bbox 1321 2974 1359 3036; x_wconf 87' lang='lat' dir='ltr'>cl.</span> 
     </span>
     <span class='ocr_line' id='line_1_22' title="bbox 241 3085 1359 3170; baseline 0.002 -23"><span class='ocrx_word' id='word_1_159' title='bbox 241 3085 395 3149; x_wconf 88' lang='lat' dir='ltr'>Welcker.</span> <span class='ocrx_word' id='word_1_160' title='bbox 428 3085 463 3148; x_wconf 91' lang='grc' dir='ltr'>Π</span> <span class='ocrx_word' id='word_1_161' title='bbox 494 3108 524 3170; x_wconf 89' lang='lat' dir='ltr'>p.</span> <span class='ocrx_word' id='word_1_162' title='bbox 560 3089 633 3150; x_wconf 74' lang='lat'><strong>784.</strong></span> <span class='ocrx_word' id='word_1_163' title='bbox 657 3085 776 3149; x_wconf 81' lang='lat' dir='ltr'>Verum</span> <span class='ocrx_word' id='word_1_164' title='bbox 800 3086 954 3170; x_wconf 91' lang='lat' dir='ltr'>quidquid</span> <span class='ocrx_word' id='word_1_165' title='bbox 978 3087 1034 3149; x_wconf 90' lang='lat' dir='ltr'>hac</span> <span class='ocrx_word' id='word_1_166' title='bbox 1059 3086 1096 3148; x_wconf 92' lang='lat' dir='ltr'>de</span> <span class='ocrx_word' id='word_1_167' title='bbox 1120 3110 1152 3149; x_wconf 90' lang='lat' dir='ltr'>re</span> <span class='ocrx_word' id='word_1_168' title='bbox 1175 3086 1359 3165; x_wconf 89' lang='lat' dir='ltr'>iudicemus,</span> 
     </span>
     <span class='ocr_line' id='line_1_23' title="bbox 240 3197 1359 3283; baseline 0 -23"><span class='ocrx_word' id='word_1_169' title='bbox 240 3221 300 3261; x_wconf 93' lang='lat' dir='ltr'>nou</span> <span class='ocrx_word' id='word_1_170' title='bbox 336 3198 439 3261; x_wconf 93' lang='lat' dir='ltr'>minus</span> <span class='ocrx_word' id='word_1_171' title='bbox 473 3197 607 3262; x_wconf 89' lang='lat' dir='ltr'>absurda</span> <span class='ocrx_word' id='word_1_172' title='bbox 642 3205 689 3262; x_wconf 90' lang='lat' dir='ltr'>est</span> <span class='ocrx_word' id='word_1_173' title='bbox 724 3198 942 3283; x_wconf 86' lang='lat' dir='ltr'>Aristophanis</span> <span class='ocrx_word' id='word_1_174' title='bbox 980 3199 1156 3262; x_wconf 87' lang='lat' dir='ltr'>criminatio</span> <span class='ocrx_word' id='word_1_175' title='bbox 1186 3221 1229 3261; x_wconf 92' lang='lat' dir='ltr'>vs.</span> <span class='ocrx_word' id='word_1_176' title='bbox 1264 3201 1359 3277; x_wconf 87' lang='grc'><strong>1050,</strong></span> 
     </span>
     <span class='ocr_line' id='line_1_24' title="bbox 241 3312 1358 3396; baseline 0 -22"><span class='ocrx_word' id='word_1_177' title='bbox 241 3335 334 3395; x_wconf 91' lang='lat' dir='ltr'>quam</span> <span class='ocrx_word' id='word_1_178' title='bbox 355 3335 390 3375; x_wconf 91' lang='lat' dir='ltr'>ea</span> <span class='ocrx_word' id='word_1_179' title='bbox 409 3334 503 3395; x_wconf 88' lang='lat' dir='ltr'>qnam</span> <span class='ocrx_word' id='word_1_180' title='bbox 522 3313 639 3396; x_wconf 86' lang='lat' dir='ltr'>profert</span> <span class='ocrx_word' id='word_1_181' title='bbox 651 3312 688 3374; x_wconf 89' lang='lat' dir='ltr'>de</span> <span class='ocrx_word' id='word_1_182' title='bbox 702 3313 739 3375; x_wconf 92' lang='lat' dir='ltr'>iis</span> <span class='ocrx_word' id='word_1_183' title='bbox 752 3313 807 3394; x_wconf 91' lang='lat' dir='ltr'>qni</span> <span class='ocrx_word' id='word_1_184' title='bbox 819 3320 1000 3392; x_wconf 71' lang='grc' dir='ltr'>τριηραρχεῖν</span> <span class='ocrx_word' id='word_1_185' title='bbox 1014 3318 1193 3375; x_wconf 83' lang='lat' dir='ltr'>recusarent</span> <span class='ocrx_word' id='word_1_186' title='bbox 1205 3335 1248 3375; x_wconf 84' lang='lat' dir='ltr'>vs.</span> <span class='ocrx_word' id='word_1_187' title='bbox 1264 3314 1358 3374; x_wconf 85' lang='lat'>1065.</span> 
     </span>
    </p>
   </div>
   <div class='ocr_carea' id='block_1_3' title="bbox 242 3589 1055 3680">
    <p class='ocr_par' dir='ltr' id='par_1_5' title="bbox 242 3589 1055 3680">
     <span class='ocr_line' id='line_1_25' title="bbox 242 3589 1055 3680; baseline 0.004 -21"><span class='ocrx_word' id='word_1_188' title='bbox 242 3597 296 3662; x_wconf 87' lang='lat' dir='ltr'>Vs.</span> <span class='ocrx_word' id='word_1_189' title='bbox 324 3589 416 3662; x_wconf 82' lang='grc'><strong>1079</strong></span> <span class='ocrx_word' id='word_1_190' title='bbox 441 3619 507 3680; x_wconf 90' lang='lat' dir='ltr'>sqq.</span> <span class='ocrx_word' id='word_1_191' title='bbox 531 3599 562 3660; x_wconf 84' lang='grc' dir='ltr'>οὐ</span> <span class='ocrx_word' id='word_1_192' title='bbox 586 3599 774 3677; x_wconf 68' lang='grc' dir='ltr'><em>προαγωγοὺς</em></span> <span class='ocrx_word' id='word_1_193' title='bbox 797 3595 941 3672; x_wconf 73' lang='grc' dir='ltr'><em>κατέδειξ’</em></span> <span class='ocrx_word' id='word_1_194' title='bbox 966 3592 1055 3670; x_wconf 80' lang='grc' dir='ltr'><em>οὗτος,</em></span> 
     </span>
    </p>
   </div>
   <div class='ocr_carea' id='block_1_4' title="bbox 529 3711 1081 4016">
    <p class='ocr_par' dir='ltr' id='par_1_6' title="bbox 529 3711 1081 4016">
     <span class='ocr_line' id='line_1_26' title="bbox 529 3711 1009 3792; baseline 0 -18"><span class='ocrx_word' id='word_1_195' title='bbox 529 3711 581 3774; x_wconf 78' lang='grc' dir='ltr'>καὶ</span> <span class='ocrx_word' id='word_1_196' title='bbox 604 3711 762 3782; x_wconf 81' lang='grc' dir='ltr'><em>τικτούσας</em></span> <span class='ocrx_word' id='word_1_197' title='bbox 787 3714 815 3775; x_wconf 84' lang='grc' dir='ltr'>ἐν</span> <span class='ocrx_word' id='word_1_198' title='bbox 838 3718 895 3782; x_wconf 78' lang='grc' dir='ltr'><em>τοῖς</em></span> <span class='ocrx_word' id='word_1_199' title='bbox 920 3713 1009 3792; x_wconf 79' lang='grc' dir='ltr'><em>ἱεροῖς,</em></span> 
     </span>
     <span class='ocr_line' id='line_1_27' title="bbox 529 3823 1081 3904; baseline -0.002 -16"><span class='ocrx_word' id='word_1_200' title='bbox 529 3823 580 3888; x_wconf 78' lang='grc' dir='ltr'>καὶ</span> <span class='ocrx_word' id='word_1_201' title='bbox 605 3824 790 3902; x_wconf 71' lang='grc' dir='ltr'>μιγνυμένας</span> <span class='ocrx_word' id='word_1_202' title='bbox 813 3831 903 3888; x_wconf 83' lang='grc' dir='ltr'><em>τοῖσιν</em></span> <span class='ocrx_word' id='word_1_203' title='bbox 926 3826 1081 3904; x_wconf 66' lang='grc' dir='ltr'><em>ἀδελφοῖς,</em></span> 
     </span>
     <span class='ocr_line' id='line_1_28' title="bbox 530 3936 1063 4016; baseline -0.004 -16"><span class='ocrx_word' id='word_1_204' title='bbox 530 3936 582 4000; x_wconf 77' lang='grc' dir='ltr'>καὶ</span> <span class='ocrx_word' id='word_1_205' title='bbox 606 3938 781 4016; x_wconf 78' lang='grc' dir='ltr'><em>Φαοκούοας</em></span> <span class='ocrx_word' id='word_1_206' title='bbox 806 3939 837 4001; x_wconf 82' lang='grc' dir='ltr'>οὐ</span> <span class='ocrx_word' id='word_1_207' title='bbox 860 3936 913 4016; x_wconf 75' lang='grc' dir='ltr'>ζῆν</span> <span class='ocrx_word' id='word_1_208' title='bbox 937 3938 969 4001; x_wconf 83' lang='grc' dir='ltr'>τὸ</span> <span class='ocrx_word' id='word_1_209' title='bbox 992 3936 1063 4016; x_wconf 77' lang='grc' dir='ltr'>ζῆν;</span> 
     </span>
    </p>
   </div>
   <div class='ocr_carea' id='block_1_5' title="bbox 241 4095 1360 4298">
    <p class='ocr_par' dir='ltr' id='par_1_7' title="bbox 241 4095 1360 4298">
     <span class='ocr_line' id='line_1_29' title="bbox 286 4095 1360 4183; baseline -0.005 -20"><span class='ocrx_word' id='word_1_210' title='bbox 286 4101 462 4181; x_wconf 81' lang='grc' dir='ltr'><em>Προαγωγὸο</em></span> <span class='ocrx_word' id='word_1_211' title='bbox 493 4101 525 4162; x_wconf 90' lang='lat' dir='ltr'>in</span> <span class='ocrx_word' id='word_1_212' title='bbox 559 4099 728 4183; x_wconf 89' lang='lat' dir='ltr'>Hippolyto</span> <span class='ocrx_word' id='word_1_213' title='bbox 757 4105 824 4162; x_wconf 87' lang='lat' dir='ltr'>erat</span> <span class='ocrx_word' id='word_1_214' title='bbox 854 4097 1011 4160; x_wconf 89' lang='lat' dir='ltr'>Phaedrae</span> <span class='ocrx_word' id='word_1_215' title='bbox 1035 4096 1161 4174; x_wconf 80' lang='lat' dir='ltr'>nutrix3</span> <span class='ocrx_word' id='word_1_216' title='bbox 1186 4097 1219 4159; x_wconf 95' lang='lat' dir='ltr'>in</span> <span class='ocrx_word' id='word_1_217' title='bbox 1242 4095 1360 4179; x_wconf 91' lang='lat' dir='ltr'>templo</span> 
     </span>
     <span class='ocr_line' id='line_1_30' title="bbox 241 4211 1357 4298; baseline -0.005 -22"><span class='ocrx_word' id='word_1_218' title='bbox 241 4218 402 4298; x_wconf 88' lang='lat' dir='ltr'>pepererat</span> <span class='ocrx_word' id='word_1_219' title='bbox 432 4214 540 4296; x_wconf 86' lang='lat' dir='ltr'>Augc;</span> <span class='ocrx_word' id='word_1_220' title='bbox 572 4213 709 4277; x_wconf 78' lang='lat' dir='ltr'>Canaces</span> <span class='ocrx_word' id='word_1_221' title='bbox 740 4220 772 4275; x_wconf 90' lang='lat' dir='ltr'>et</span> <span class='ocrx_word' id='word_1_222' title='bbox 802 4211 937 4274; x_wconf 88' lang='lat' dir='ltr'>Macarei</span> <span class='ocrx_word' id='word_1_223' title='bbox 960 4212 1112 4274; x_wconf 89' lang='lat' dir='ltr'>incestum</span> <span class='ocrx_word' id='word_1_224' title='bbox 1135 4216 1357 4292; x_wconf 92' lang='lat' dir='ltr'>argumentum</span> 
     </span>
    </p>
   </div>
   <div class='ocr_carea' id='block_1_6' title="bbox 241 4323 1359 4523">
    <p class='ocr_par' dir='ltr' id='par_1_8' title="bbox 241 4323 1359 4523">
     <span class='ocr_line' id='line_1_31' title="bbox 241 4323 1359 4406; baseline -0.005 -16"><span class='ocrx_word' id='word_1_225' title='bbox 241 4328 303 4390; x_wconf 86' lang='lat' dir='ltr'>luit</span> <span class='ocrx_word' id='word_1_226' title='bbox 333 4327 434 4403; x_wconf 85' lang='lat' dir='ltr'>Aeoli,</span> <span class='ocrx_word' id='word_1_227' title='bbox 464 4327 502 4390; x_wconf 85' lang='lat' dir='ltr'>cl.</span> <span class='ocrx_word' id='word_1_228' title='bbox 527 4350 569 4389; x_wconf 91' lang='lat' dir='ltr'>vs.</span> <span class='ocrx_word' id='word_1_229' title='bbox 596 4329 658 4389; x_wconf 86' lang='grc'>850</span> <span class='ocrx_word' id='word_1_230' title='bbox 684 4333 716 4388; x_wconf 87' lang='lat' dir='ltr'>et</span> <span class='ocrx_word' id='word_1_231' title='bbox 739 4325 825 4388; x_wconf 89' lang='lat' dir='ltr'>Nub.</span> <span class='ocrx_word' id='word_1_232' title='bbox 853 4326 947 4388; x_wconf 82' lang='grc'><strong>1371.</strong></span> <span class='ocrx_word' id='word_1_233' title='bbox 973 4323 1026 4387; x_wconf 88' lang='lat' dir='ltr'>Vs.</span> <span class='ocrx_word' id='word_1_234' title='bbox 1054 4327 1138 4387; x_wconf 78' lang='grc'><strong>1080</strong></span> <span class='ocrx_word' id='word_1_235' title='bbox 1162 4329 1282 4406; x_wconf 88' lang='lat' dir='ltr'>spectat</span> <span class='ocrx_word' id='word_1_236' title='bbox 1305 4344 1359 4385; x_wconf 90' lang='lat' dir='ltr'>no·</span> 
     </span>
     <span class='ocr_line' id='line_1_32' title="bbox 242 4437 702 4523; baseline -0.015 -20"><span class='ocrx_word' id='word_1_237' title='bbox 242 4440 398 4504; x_wconf 87' lang='lat' dir='ltr'>tissimum</span> <span class='ocrx_word' id='word_1_238' title='bbox 421 4439 503 4503; x_wconf 91' lang='lat' dir='ltr'>illud</span> <span class='ocrx_word' id='word_1_239' title='bbox 526 4437 702 4523; x_wconf 80' lang='lat' dir='ltr'>Euripidis:</span> 
     </span>
    </p>
   </div>
   <div class='ocr_carea' id='block_1_7' title="bbox 0 0 1617 5370">
    <p class='ocr_par' dir='ltr' id='par_1_9' title="bbox 0 0 1617 5370">
     <span class='ocr_line' id='line_1_33' title="bbox 0 0 1617 5370; baseline 0 0"><span class='ocrx_word' id='word_1_240' title='bbox 0 0 1617 5370; x_wconf 95' lang='lat' dir='ltr'> </span> 
     </span>
    </p>
   </div>
  </div>
 </body>
</html>
