3218 5370
261 648 323 708 148
738 668 854 711 neuun.

237 844 290 907 Vs.
317 838 397 908 704.
434 844 486 915 τὴν
509 845 591 907 πόλιν
614 844 666 908 καὶ
689 846 777 908 ταῦτ’
800 843 919 923 ἔχοντες
941 847 1081 923 κυμοὲτιον
1104 850 1132 912 ἐν
1154 851 1313 926 οὶχκοέλαις.

280 958 380 1021 Schol.
414 957 545 1035 Δίδυμος
575 964 650 1036 Φνοι
681 957 762 1038 παρα
792 959 832 1038 τῷ
855 959 1008 1040 Αἰσχύλῳ.
1034 959 1095 1024 ἔστι
1119 962 1150 1024 δὲ
1173 962 1259 1035 ὄντας
1283 968 1371 1044 παρ’Ι

234 1070 407 1151 Ἀρχιλόχῳ
431 1070 555 1154 (Bergk.
580 1071 616 1134 fr.
642 1071 735 1134 Arch.
762 1073 802 1132 23
828 1093 856 1154 p.
884 1074 977 1154 689);

436 1186 542 1263 ψυχας
565 1183 684 1263 ἔχοντες
707 1184 847 1261 αυμοέτων
871 1186 899 1247 ἒν
927 1186 1089 1262 οὲχκοέλαις.

279 1298 422 1362 Fortasse
452 1299 601 1383 deceptus
631 1305 678 1361 est
708 1298 861 1382 Didymus
893 1321 983 1362 versu
1009 1301 1118 1384 Agam.
1146 1304 1208 1365 793
1234 1299 1302 1381 ἔσχ’
1328 1303 1356 1365 ε’ν

234 1410 394 1488 οὶχκοέλαις.

234 1632 287 1696 Vs.
312 1626 392 1697 706.
428 1635 451 1695 εἰ
475 1633 501 1695 δ’
525 1633 583 1709 ἐγὼ
607 1634 680 1712 ὀρθὸς
705 1633 773 1696 ἰδεῖν
796 1633 858 1710 βίον
883 1634 978 1714 οὶνέρος
1004 1632 1021 1708 ἢ
1045 1635 1146 1715 τρότον
1168 1633 1246 1708 ὅστις
1266 1634 1307 1698 ἔτ’

1171 1746 1352 1832 [οἰμώξεται.

278 1858 379 1922 Schol.
403 1864 488 1923 τοῦτο
511 1856 609 1931 Ἴωνός
632 1861 693 1923 ἐστι
717 1861 748 1923 ἐκ
774 1860 898 1932 Φοίνικος
922 1859 938 1933 ἢ
964 1860 1106 1932 Καινέωςε

432 1971 454 2034 εἰ
478 1972 503 2034 δ’
527 1972 585 2048 ε’χὼ
608 1973 681 2051 ὀρθὸς
705 1972 773 2034 ἰδεῖν
797 1972 859 2049 βίον
882 1971 988 2053 οὶνέρος,
1014 1969 1034 2035 ὦ
1058 1982 1206 2048 πολιῆται.

278 2083 328 2145 Fr.
362 2082 429 2146 lon.
461 2083 502 2146 N.
534 2107 564 2168 p.
592 2087 664 2149 574.
690 2083 889 2169 Strophioum
913 2110 989 2150 vsm.
1017 2086 1078 2151 675
1104 2111 1169 2171 sqq.
1196 2111 1233 2150 ex
1257 2089 1353 2173 lyrico
1456 2181 1457 2186 η

232 2195 338 2278 aliquo
367 2204 508 2281 poemate
538 2197 718 2261 desumtum
747 2221 812 2262 esse
842 2200 1019 2284 suspicatur
1051 2199 1225 2286 Westphol
1256 2200 1350 2265 Metr.

127 2324 131 2330 ·
231 2307 267 2371 ΙΙ
294 2310 365 2373 759.

230 2534 283 2598 Vs.
310 2529 390 2599 759.
427 2539 556 2614 πρᾶγμα
578 2541 708 2614 πρᾶγμα
731 2534 815 2612 μέγα
839 2535 983 2610 κεκίνηται
1007 2537 1101 2614 μέγα.

275 2649 407 2710 Aeacus¹
429 2648 558 2710 simulac
588 2649 626 2711 de
656 2646 807 2731 Euripide
834 2671 933 2712 sermo
962 2649 1008 2726 fit,
1041 2650 1153 2733 spiritu
1176 2650 1346 2734 Euripideo

229 2763 317 2844 quasi
339 2763 465 2825 inflatus
488 2763 554 2826 eius
577 2762 701 2825 dicendi
724 2784 822 2845 genus
846 2763 997 2826 imitetur.
1018 2762 1064 2825 Of.
1086 2763 1153 2826 Alc.
1176 2767 1248 2844 969,
1269 2767 1342 2844 966,

229 2878 304 2938 413.
329 2877 425 2960 Hipp.
451 2878 523 2953 818,
550 2876 623 2954 877,
649 2876 723 2956 879,
750 2878 813 2938 888
837 2883 869 2938 et
892 2876 1014 2960 passim.

227 3099 280 3164 Vs
307 3094 387 3162 814.
424 3094 442 3171 ἦ
465 3123 519 3162 του
540 3100 625 3163 δεινὸν
645 3098 832 3179 ἐριβρεμέτας
849 3101 939 3177 χόλον
952 3098 1058 3163 ἔνδοθεν
1070 3097 1125 3173 ἕξει
1138 3100 1198 3162 xri.
1212 3137 1257 3146 —-
1271 3102 1346 3162 899.

272 3213 423 3297 Depingit
453 3220 545 3296 poeta
576 3213 777 3296 Aeschyleam
808 3221 839 3275 et
870 3212 1070 3297 Euripideum
1096 3213 1203 3296 poesin
1212 3239 1220 3290 ;
1247 3214 1347 3296 prima

226 3333 258 3389 et
287 3327 380 3389 tertia
403 3325 539 3410 stropha,
565 3333 602 3387 ut
623 3326 702 3389 iufra
727 3348 768 3387 vs.
794 3328 857 3388 999
881 3347 958 3408 sqq.,
982 3327 1176 3409 magnificam
1201 3325 1346 3409 Aeschyli

220 3440 388 3502 dictionem
425 3440 577 3514 imitatur,
615 3439 720 3521 magni
754 3438 902 3522 ponderis
934 3437 1026 3500 verba
1062 3460 1239 3521 congerens
1266 3460 1346 3520 quae

220 3559 325 3615 tamen
349 3575 408 3615 non
436 3552 580 3635 Aeschyli
601 3552 655 3615 sed
675 3573 819 3634 magnam
839 3559 960 3636 partem
981 3550 1110 3615 Homeri
1122 3551 1249 3635 propria
1261 3555 1367 3645 sunt.¹

217 3778 270 3843 Vs.
296 3770 377 3840 834.
413 3777 658 3853 ἀποσεμνυνεῖται
681 3780 799 3856 πρῶτον,
825 3773 898 3855 οἵπερ
924 3775 1064 3840 ἑκάστοτε

418 3891 446 3952 ἐν
468 3897 537 3961 ταῖς
562 3889 763 3969 τραγῳδίαισιν
787 3888 977 3968 ἐτερατεύετο.

260 4004 356 4066 Recte
391 4002 496 4066 Schol.
526 4003 603 4065 Rev.
637 4003 673 4073 ὡς
706 4006 757 4064 τοῦ
789 3999 944 4079 Αἰσχύλου
975 3999 1198 4080 τερατευομένου
1221 4001 1250 4063 ἐν
1272 4006 1340 4071 ταῖς

215 4118 327 4197 οὶρχαῖς
355 4120 411 4179 τῶν
435 4115 603 4197 δραμάτων.
628 4115 668 4178 In
691 4114 852 4178 nonnullis
879 4114 1026 4198 Aeschyli
1049 4115 1216 4199 tragoediis
1240 4114 1263 4176 ii
1286 4113 1341 4197 qui

213 4230 373 4314 primarias
398 4227 531 4312 egebant
555 4234 658 4313 partes
683 4228 757 4292 satis
781 4227 837 4290 diu
861 4226 1052 4291 adsedebent
1071 4233 1218 4307 tacentes,
1240 4226 1340 4290 velato

213 4342 323 4426 capite.
355 4340 449 4420 Quod
478 4341 511 4404 in
542 4339 644 4403 Niobe
668 4347 700 4402 et
723 4338 904 4423 Phrygibus
930 4339 1049 4402 fectum
1071 4361 1136 4403 esse
1160 4337 1250 4401 docet
1274 4338 1339 4422 ipse

212 4455 445 4540 Aristophanes
479 4454 557 4517 Ren.
595 4456 669 4533 911,
702 4459 733 4516 et
764 4455 899 4539 scriptor
930 4453 1012 4516 vitae
1044 4451 1204 4536 Aeschyli:
1236 4450 1285 4515 διοὶ
1308 4451 1340 4514 τὸ
