3218 5370
576 601 618 644 eu
640 600 816 644 ruoauraus
840 600 1010 646 rnnrrrnrs.
1270 585 1332 646 205

240 791 320 831 mem
344 767 555 831 coniecturam
577 773 763 851 argumenta
784 767 908 831 afferam
929 789 967 830 ex
986 766 1101 850 quibus
1121 775 1268 852 appareat
1280 770 1362 832 mul·

239 876 287 932 tas
321 869 415 931 huius
448 867 625 951 tragoediae
661 875 763 952 partes
797 891 860 931 non
892 869 1064 945 cohaerere,
1097 869 1265 932 nonnullas
1297 876 1362 932 tam

242 970 379 1055 dispares
405 992 469 1032 esse
493 977 531 1032 ut
553 969 635 1032 inter
659 992 690 1032 se
714 992 754 1032 ne
777 969 935 1033 conciliari
959 969 1087 1052 quidem
1109 971 1252 1054 possint?

286 1075 314 1134 l.
339 1069 507 1151 Προλογίζεν
541 1069 712 1155 Neptunus
741 1070 851 1133 Troiae
883 1093 900 1132 a
932 1070 1058 1134 Graecis
1090 1078 1198 1156 captae
1228 1070 1360 1135 infortu-

240 1173 328 1236 nium
364 1171 523 1234 miserans.
560 1171 698 1254 Exponit
728 1193 806 1254 quae
836 1171 918 1234 facta
949 1173 1022 1250 sint,
1055 1171 1202 1235 Troianas
1226 1173 1364 1257 captivas

240 1274 326 1336 intus
358 1273 530 1358 proximam
562 1273 690 1336 domum
724 1278 843 1335 coactas
878 1296 942 1336 esse
974 1280 1006 1335 et
1027 1273 1200 1353 mulierem,
1226 1274 1363 1357 quaein

242 1397 333 1438 scena
354 1374 519 1458 conspicua
543 1381 610 1436 erat
633 1373 708 1435 foris
729 1374 842 1450 iacens,
867 1375 1010 1437 miseram
1034 1397 1099 1436 esse
1122 1373 1295 1453 Hecubam,
1316 1398 1359 1439 vs.

243 1477 373 1537 36-44
395 1473 429 1558 ¹).
461 1473 635 1537 Intervenit
659 1473 814 1536 Minerva.
839 1474 1009 1537 Profitetur
1033 1497 1064 1537 se
1088 1475 1274 1538 sententiam
1299 1497 1365 1538 mu-

241 1581 331 1654 tasse,
355 1574 524 1657 odiumque
548 1597 610 1658 quo
633 1575 667 1638 in
686 1574 834 1638 Troianos
855 1575 1014 1659 flagrasset
1033 1576 1210 1660 deposuisse
1228 1584 1261 1640 et
1273 1575 1366 1639 Grae·

243 1676 286 1739 cis
310 1675 391 1738 mala
414 1676 516 1738 moliri
540 1699 583 1739 vs.
610 1678 661 1753 65,

418 1775 484 1848 τοὺς
509 1776 563 1853 μὲν
587 1777 649 1856 πρὶν
672 1777 789 1857 ἐχθροὺς
813 1781 917 1857 Τρῶας
950 1778 1091 1858 εὐφρᾶναι
1115 1777 1195 1856 θέλω,

420 1879 534 1957 esparsi
558 1877 584 1940 δ’
609 1877 744 1956 'Azareis
769 1877 865 1942 νόστον
889 1877 1037 1955 ε’μβννλεῖν
1061 1878 1164 1959 πικρόν.

288 1977 419 2040 Causam
441 1976 536 2040 huius
559 1978 682 2040 consilii
706 1978 831 2060 quaerit
854 1978 1026 2064 Neptunus
1049 1986 1080 2041 et
1100 1986 1190 2063 rogat
1209 1979 1286 2063 quid
1304 1981 1364 2044 fac-

244 2085 316 2142 tura
339 2078 390 2157 sit,
415 2078 466 2140 cui
488 2077 543 2140 illa
567 2079 681 2141 iterum
706 2101 749 2142 vs.
776 2081 834 2144 75:

420 2178 557 2252 δύστηνον
581 2181 680 2251 αὐτοῖς
704 2179 801 2243 νόστον
825 2180 973 2258 ἐμβαλεῖν
998 2180 1077 2245 θέλω.
1106 2165 1109 2170 .

288 2280 458 2365 Neptunus
490 2279 841 2343 Minervae-consilium
874 2279 993 2365 probat,
1019 2281 1239 2364 digrediuntur
1263 2281 1366 2344 omnia

244 2381 382 2467 paraturi
412 2380 527 2464 quibus
560 2380 733 2444 infaustum
756 2380 888 2445 reddant
912 2381 1048 2445 reditum
1072 2382 1272 2460 Graecorum,
1296 2404 1365 2466 pro-

245 2481 347 2561 cellas,
371 2481 514 2544 fulmina.
538 2481 583 2544 At
605 2482 687 2545 diras
710 2482 816 2545 iactati
839 2483 939 2545 minas
961 2482 1042 2545 nihii
1064 2489 1229 2567 peragunt.

287 2582 482 2666 Reputemus
503 2580 595 2645 verba
618 2583 732 2665 quibus
756 2589 880 2667 perorat
899 2583 1087 2667 Neptunus:

421 2685 512 2762 μῶρος
536 2682 567 2746 δὲ
591 2683 697 2756 θνητῶν
719 2681 796 2756 ὅστις
821 2685 960 2764 ἑκπνρθῶν
981 2684 1078 2756 πόλεις

422 2830 662 2847 ........
687 2784 775 2857 αὐτὸς
799 2783 879 2848 ὤλεθ’
903 2781 1024 2865 ὕστερον.

243 2884 284 2949 In
306 2884 444 2948 dramate
467 2883 524 2946 tali
546 2883 674 2968 prologo
698 2884 852 2948 instructo
872 2884 910 2948 de
934 2884 1125 2949 Graecorum
1146 2891 1218 2971 post
1240 2886 1365 2950 Troiam

246 2991 366 3070 captam
403 2984 582 3048 infortuniis
617 3007 717 3048 sermo
748 2985 859 3049 saltem
889 2986 943 3048 fiat
974 3009 1097 3050 necesse
1128 2992 1184 3050 est.
1217 2986 1304 3051 Inter
1334 3010 1365 3050 se

246 3087 360 3173 opponi
397 3085 514 3149 debent
550 3085 695 3169 superbia
732 3087 886 3150 victorum
915 3091 955 3150 ⁴et
995 3087 1124 3150 deorum
1155 3087 1286 3150 iustitia.
1320 3088 1365 3150 At

244 3189 320 3251 haec
354 3186 456 3250 omnia
485 3187 519 3250 in
550 3185 722 3250 Troadibus
750 3209 789 3250 ne
820 3186 912 3250 verbo
935 3186 1064 3270 quidem
1090 3188 1291 3271 attinguntur
1299 3215 1308 3266 3
1332 3189 1366 3251 in

244 3288 378 3352 transitu
412 3287 494 3351 canit
525 3287 681 3351 Casandro
712 3309 829 3351 errores
859 3287 989 3373 Ulyssis,
1021 3289 1074 3352 sed
1106 3289 1199 3351 finem
1219 3288 1367 3352 dramatis

243 3389 317 3453 facit
347 3389 528 3452 incendium
558 3387 658 3466 urbis;
690 3389 918 3473 triumphantes
950 3396 982 3453 et
1011 3388 1225 3472 superbientes
1249 3388 1368 3453 abeunt

245 3491 435 3554 Graecorum
459 3511 554 3572 reges,
578 3510 691 3572 poenas
717 3487 878 3573 superbiae
901 3489 978 3552 dant
1000 3489 1113 3552 nullas

289 3590 402 3673 Neque
425 3589 531 3674 poenis
554 3589 587 3652 in
612 3589 670 3652 hoe
694 3589 832 3653 dramate
855 3589 943 3653 locus
967 3596 1023 3652 est.
1045 3589 1188 3654 Fuerunt
1211 3589 1266 3672 qui
1290 3588 1368 3653 arbi-

247 3769 441 3778 -..—.

200 3899 203 3906 .
279 3859 297 3920 ¹)
315 3858 367 3908 Hos
383 3875 466 3908 versus
483 3859 591 3922 legentes
609 3864 763 3924 expectamus
781 3860 833 3908 fore
851 3865 879 3908 ut
896 3865 952 3925 post
969 3877 1003 3909 vs.
1021 3858 1054 3911 47
1072 3865 1145 3925 caput
1162 3861 1272 3909 sublevet
1282 3862 1367 3925 regins

245 3941 270 3984 et
294 3937 363 4002 loqui
388 3938 505 3986 ordiatur.
534 3936 604 3985 Hanc
628 3938 694 3986 euim
718 3939 797 4002 legem
821 3939 848 3987 in
869 3939 983 3987 omnibus
1005 3955 1065 4002 quae
1085 3944 1216 4003 supersunt
1234 3941 1367 4003 tragoediis

246 4017 355 4081 sequitur
372 4016 502 4082 Euripides
519 4022 546 4064 ut
565 4017 585 4064 is
604 4016 645 4080 qui
663 4017 776 4065 adveniat
794 4023 836 4066 aut
855 4010 948 4066 iamin
966 4034 1037 4065 scena
1056 4017 1127 4076 adsit,
1144 4019 1247 4067 simulac
1265 4019 1320 4082 quis
1335 4019 1368 4068 sit

246 4101 371 4144 narratum
397 4100 433 4144 est
456 4096 495 4144 vel
522 4096 604 4160 potius
631 4096 734 4143 simulac
760 4097 804 4144 ille
833 4097 874 4161 qui
899 4097 1008 4145 narravit
1025 4097 1097 4145 finem
1114 4097 1211 4145 dicendi
1230 4098 1297 4156 fecit,
1315 4114 1368 4162 pro-

245 4175 301 4222 deat
326 4180 350 4223 et
372 4175 445 4223 verba
467 4175 545 4222 facere
567 4175 678 4238 incipiat.
703 4174 757 4223 Vid.
789 4193 810 4224 v.
830 4175 1159 4240 c.Ale.24,29,Hipp01.
1179 4177 1217 4234 53,
1237 4177 1275 4235 58,
1295 4176 1367 4225 Herc.

247 4254 293 4302 fur.
312 4255 351 4312 14,
370 4255 409 4302 64.
430 4252 498 4301 Unae
515 4253 621 4301 Troades
639 4253 668 4301 ab
686 4253 731 4301 hac
747 4255 800 4317 lege
819 4254 939 4303 recedunt.
960 4255 1031 4318 Quod
1047 4263 1130 4303 tamen
1149 4271 1199 4303 non
1215 4272 1296 4319 urgeo,
1312 4272 1367 4304 cum

246 4337 285 4380 tot
310 4332 438 4396 Euripidis
458 4332 555 4380 fabulae
580 4332 700 4396 perierint
726 4333 755 4380 de
780 4349 882 4397 quarum
908 4334 1085 4399 compositione
1107 4334 1173 4382 nihil
1191 4335 1309 4383 traditum
1327 4335 1367 4384 sit.

247 4411 360 4460 Fortasse
378 4411 404 4460 in
420 4411 556 4460 Troadibus
574 4411 690 4476 Aeschyli
707 4412 845 4477 exemplum
860 4418 956 4462 secutus
970 4418 1007 4463 est
1021 4413 1049 4462 dc
1063 4429 1110 4478 quo
1126 4413 1173 4463 vid.
1189 4413 1226 4462 ad.
1236 4415 1297 4464 Ran.
1308 4415 1367 4464 834.
