3218 5370
455 1501 976 1586 PRAEFATIO.

201 2066 385 2153 Saepissime
416 2067 656 2152 Aristophanem
687 2064 826 2130 versibus
857 2064 988 2128 aliorum
1019 2068 1193 2148 poetarum,
1218 2062 1279 2147 epi-

157 2201 273 2260 corum,
304 2180 482 2265 lyricorum,
516 2178 658 2264 inprimis
688 2179 877 2262 tragicorum
908 2201 1001 2242 usum
1033 2202 1098 2242 esse
1122 2177 1278 2241 neminem

157 2292 237 2355 latet
265 2293 320 2375 qui
350 2293 416 2356 eius
446 2291 618 2356 comoedias
649 2291 829 2376 inspexerit.
855 2292 920 2372 Qui
943 2293 968 2355 si
993 2314 1097 2356 omnes
1120 2292 1152 2354 in
1176 2291 1278 2354 lucem

158 2405 298 2489 protrahi
321 2412 454 2489 possent,
476 2406 575 2469 multa
598 2427 677 2488 quac
700 2427 785 2468 nunc
809 2405 941 2488 caligine
966 2405 1100 2468 obducta
1120 2410 1194 2467 sunt
1213 2427 1279 2488 per-

157 2518 263 2602 spicua
294 2520 396 2582 forent
426 2519 604 2602 multasque
637 2517 751 2582 summi
773 2518 883 2582 comici
905 2517 1031 2581 facetias
1054 2517 1165 2581 melius
1188 2517 1279 2580 intel·

155 2631 338 2715 legeremus.

200 2743 371 2827 Plerosque
394 2745 456 2808 iam
479 2745 654 2828 tetigerunt
674 2744 758 2809 locos
782 2745 840 2809 viri
863 2744 948 2808 docti
970 2744 1026 2828 qui
1045 2743 1279 2807 commentarios

155 2857 188 2920 in
208 2857 449 2942 Aristophanem
471 2857 675 2941 scripserunt3
700 2858 808 2922 sedulo
832 2859 870 2921 de
892 2859 1020 2943 parodia
1043 2862 1176 2940 egerunt
1197 2857 1279 2919 inter

155 2971 232 3035 alios
263 2969 404 3034 Tacuber
434 2976 466 3032 et
496 2969 636 3034 Ribbeck
661 2969 693 3054 ¹).
726 2970 869 3050 Quorum
897 2973 1011 3057 scripta
1042 2971 1179 3033 multum
1203 2970 1279 3033 mihi

103 3170 105 3175 Ι
156 3085 352 3169 profuerunt.
385 3081 465 3147 Cum
494 3089 598 3146 autem
629 3106 692 3147 non
724 3106 829 3148 omnes
859 3091 897 3147 ut
923 3084 1001 3147 mihi
1024 3085 1172 3147 videntur
1195 3063 1292 3146 locos'

155 3198 361 3261 indicaverint
391 3219 492 3280 neque
524 3196 583 3260 sibi
607 3198 828 3282 proposuerint
849 3197 1000 3260 indicatos
1023 3197 1106 3260 locos
1130 3197 1279 3280 interpre-

157 3308 219 3371 tari
236 3330 300 3371 non
318 3315 387 3372 acta
404 3310 483 3372 mihi
500 3332 590 3393 agere
608 3310 733 3374 videbar
752 3310 893 3394 parodias
914 3309 1155 3394 Aristophaneas
1175 3291 1278 3371 denuo

156 3420 304 3504 colligens
327 3426 358 3483 et
381 3420 436 3484 ubi
458 3444 537 3506 opus
561 3429 642 3486 esset
666 3421 922 3486 annotationibus
945 3423 1113 3485 instruens.

189 3683 207 3744 ¹)
224 3683 256 3731 H.
280 3683 398 3732 Tacuber.
422 3684 460 3731 De
482 3699 528 3732 aaa
547 3684 671 3748 parodica
692 3683 760 3747 apud
780 3683 975 3746 Aristophanem.
1000 3682 1135 3732 Nachricht
1158 3699 1206 3732 von
1224 3683 1279 3732 dem

155 3775 217 3822 Kon.
235 3773 490 3823 Joachimsthalschen
508 3776 676 3839 Gymnasium.
696 3775 816 3824 Bcrolini.
836 3775 908 3824 1849.

189 3866 329 3915 Woldcmar
352 3865 471 3913 Ribbeck.
497 3866 536 3914 De
559 3882 605 3914 usu
624 3866 747 3930 paradius
771 3866 838 3929 apud
862 3864 963 3914 comicos
980 3865 1171 3914 Atheniensium.
1189 3867 1278 3916 ParsI

156 3957 294 4017 (continens
317 3957 442 4022 epicorum
465 3957 595 4022 parodias).
619 3957 649 4006 In
676 3960 856 4022 programmate
872 3957 993 4021 gymnasii
1012 3956 1065 4005 Col.
1083 3957 1185 4022 Agripp.
1208 3959 1279 4007 Bcro-

156 4049 211 4098 lini.
231 4048 303 4100 1861.

139 4191 142 4194 ,
188 4141 225 4189 Id.
252 4141 300 4189 Dic
324 4141 461 4190 Parodieiu
479 4140 516 4190 bei
532 4141 579 4189 dea
596 4140 725 4189 Altinates
745 4141 884 4189 Komilrern.
907 4141 1010 4189 chitcr
1028 4140 1109 4189 Thcil.
1136 4140 1278 4189 Zeitschrift

155 4233 196 4281 sur
214 4233 256 4281 das
272 4233 495 4297 Gymnasialwescn
512 4232 590 4280 XVII.
609 4232 729 4280 Bcrolini.
750 4233 822 4280 1863.

189 4323 225 4373 ld.
252 4324 301 4373 Die
325 4324 489 4372 dramatisrte
512 4323 650 4372 Parodici‘a
676 4323 713 4371 bei
736 4323 783 4371 den
805 4323 934 4371 Attisctca
957 4323 1096 4373 Kcmikcra.
1123 4323 1278 4387 Epimetrum

158 4413 328 4464 commentarii
346 4413 373 4462 in
390 4412 558 4462 Acharneuses
576 4412 760 4477 Aristophanis.
778 4412 885 4477 Lipsiae.
905 4413 978 4462 1864,
1034 4434 1038 4440 ·
