3218 5370
315 613 355 674 50
800 631 907 674 nuens,

293 819 405 873 „cesse
437 802 493 872 est,
525 797 550 858 si
579 795 641 858 duo
669 796 809 858 homines
833 803 897 858 tam
922 797 1059 880 dispares
1082 798 1210 880 ingenii,
1236 820 1329 879 quam
1352 799 1416 860 fue-

295 958 314 986 ‚,
326 914 402 971 runt
434 907 619 971 Heliodorus
652 915 684 970 et
716 906 1020 991 PseudoGregorius
1050 909 1160 972 iisdem
1183 911 1294 993 tragici
1316 909 1416 972 verbis

294 1021 357 1097 „in
389 1018 515 1082 eandem
549 1020 708 1104 parodiam
732 1019 967 1083 abuterentur.'’
981 1068 987 1082 .
1003 1069 1009 1082 ·
1025 1069 1031 1082 -
1048 1069 1054 1082 -
1071 1069 1077 1082 ·
1103 1069 1123 1097 a
1134 1020 1237 1100 Quare
1261 1021 1413 1097 existimo,

297 1130 510 1215 „Euripidem
545 1132 646 1216 primo
677 1131 834 1215 scripsisse
864 1132 947 1213 quod
979 1132 1011 1194 in
1042 1133 1181 1215 margine
1211 1120 1301 1216 posui
1331 1133 1362 1215 (i.
1388 1155 1414 1194 e.

298 1292 318 1322 „
328 1243 443 1326 λόγους)
451 1272 460 1323 ;
481 1245 603 1321 deinde,
623 1241 661 1305 ab
675 1242 881 1327 Aristophane
894 1251 1020 1327 propter
1033 1244 1189 1308 duriorem
1202 1244 1413 1328 metaphoram

295 1405 314 1433 ,,
325 1356 359 1418 in
390 1378 480 1419 scena
509 1355 689 1419 traductum
715 1354 873 1438 vulgatam
895 1355 1060 1418 lectionem
1084 1354 1345 1419 substituissent
1369 1378 1417 1419 su·

296 1491 379 1552 „pra
403 1467 496 1531 300.”
1244 1447 1247 1451 .

343 1583 387 1643 At
422 1580 497 1643 baec
520 1581 632 1643 summi
656 1580 714 1642 viri
738 1580 916 1643 coniectura
939 1601 1001 1641 non
1025 1578 1150 1642 tollitur
1173 1578 1340 1643 difficultas
1363 1579 1416 1642 sed

295 1693 328 1756 in
357 1693 456 1755 alium
487 1692 589 1755 locum
617 1693 811 1755 transfertur.
842 1690 1036 1755 Vocabulum
1065 1691 1169 1767 λόγους
1199 1690 1329 1754 Medeae
1353 1714 1416 1755 ora·

296 1805 376 1868 tioni
400 1810 462 1867 tam
487 1826 596 1888 parum
617 1811 725 1888 aptum
746 1810 792 1867 est
813 1813 849 1866 ut
869 1804 947 1866 mihi
966 1804 1150 1887 persuadere
1162 1827 1314 1886 nequeam
1326 1804 1416 1867 Euri-

174 1956 178 1965 ·
295 1916 399 2000 pidem
423 1916 468 1977 ita
491 1916 657 1999 scripsisse,
682 1917 741 1978 nisi
765 1923 938 1979 statuamus
964 1938 1036 1978 eum
1060 1923 1161 1979 totum
1182 1917 1285 1979 locum
1307 1916 1378 1979 inde
1398 1941 1415 1978 a

297 2052 339 2091 vs.
371 2031 455 2090 1306
479 2030 647 2092 mutavisse
670 2035 707 2091 nt
729 2030 768 2107 τῷ
792 2028 895 2105 λόγους
919 2027 1047 2091 verbum
1072 2028 1172 2100 πύλαις
1197 2027 1412 2106 substitueret,

296 2141 380 2224 quod
404 2163 465 2203 non
489 2140 656 2204 verisimile
679 2147 733 2203 est.
1433 2192 1436 2197 .

342 2252 427 2316 Weil
457 2253 496 2316 ad
526 2252 611 2316 Med.
646 2256 740 2330 1317,
769 2254 803 2316 in
835 2255 903 2334 Sept
931 2255 1074 2334 tragedias
1104 2253 1296 2334 d’EnnTpide:
1327 2251 1415 2329 „Ces

298 2366 410 2444 „deux
433 2388 510 2444 vers,
534 2366 616 2428 celui
638 2366 682 2428 dn
705 2367 848 2448 tragique
872 2373 903 2428 et
925 2366 969 2428 du
989 2366 1130 2447 comique
1151 2365 1304 2427 semblent
1324 2364 1415 2427 s'btre

296 2478 481 2558 „confondu
508 2477 583 2540 dans
607 2477 636 2540 la
659 2476 806 2541 memoire
829 2476 882 2540 des
907 2478 1010 2540 Grecs.
1036 2475 1118 2540 O’est
1140 2477 1219 2540 ainsi
1242 2476 1415 2539 seulement

295 2592 420 2674 „qu'on
449 2598 526 2673 peut
556 2590 716 2674 expliquer
747 2612 808 2671 que
839 2590 975 2652 l’autenr
1006 2588 1049 2651 du
1073 2587 1144 2650 Chr.
1171 2587 1239 2651 Pat.
1266 2589 1310 2650 ait
1333 2586 1410 2650 ecrit

297 2704 403 2782 „dans
437 2724 492 2765 son
527 2708 639 2764 centon
670 2700 877 2778 rl-no'yovs.'’
909 2699 1013 2763 Habet
1044 2700 1115 2762 talis
1150 2699 1264 2762 solutio
1297 2722 1359 2781 quo
1383 2723 1414 2763 se
1502 2687 1505 2691 ¹

297 2815 500 2879 commendet.
527 2816 570 2877 At
593 2836 654 2876 non
678 2814 752 2876 satis
771 2814 860 2877 video
885 2814 940 2896 qni
958 2813 1076 2876 factum
1096 2813 1136 2876 sit
1157 2821 1194 2875 ut
1214 2813 1324 2876 Graeci
1344 2835 1414 2876 eum
1490 2872 1493 2877 .

295 2927 421 3010 tragicis
455 2926 555 2990 verbis
588 2925 760 2998 ‘tl—urinae
791 2926 893 2989 locum
923 2932 988 2987 tam
1019 2926 1171 3010 disparem
1204 2930 1307 2989 καινῶν
1338 2929 1414 2990 ἐπῶν

297 3041 339 3124 (in
373 3038 495 3102 duobus
534 3061 611 3120 quos
649 3040 784 3123 inspexit
818 3038 935 3102 Porson
966 3038 1145 3102 codicibus:
1178 3038 1281 3121 λόγων)
1312 3038 1415 3111 κινητὰ

297 3152 348 3216 καὶ
378 3151 537 3230 pagasaea
567 3151 764 3214 confuderint
796 3158 827 3215 et
858 3152 902 3213 ita
933 3151 1169 3235 permiscuerint
1193 3151 1285 3213 utin
1309 3150 1413 3214 codice

295 3264 491 3347 Ps-Gregorii
513 3286 569 3347 pro
592 3263 700 3335 πύλας,
725 3264 828 3340 λόγους
853 3263 1048 3326 scriberetur.

342 3377 427 3456 Quid
458 3377 555 3460 igitur
584 3376 772 3439 censendum
803 3377 844 3440 sit
875 3398 924 3439 me
952 3377 1069 3438 nescire
1092 3376 1201 3438 fateor.
1226 3375 1293 3439 Hoc
1315 3397 1414 3438 unum

294 3489 465 3551 tenendum
509 3495 557 3551 est
598 3511 700 3551 errare
740 3488 795 3569 qui
833 3493 946 3571 putent
985 3487 1227 3572 Aristophanem
1260 3488 1317 3550 hoc
1347 3488 1415 3552 loco

294 3600 455 3684 Euripidis
488 3599 656 3662 dictionem
679 3599 919 3684 reprehendisse.
945 3599 995 3663 Sic
1019 3599 1160 3683 Doering
1182 3598 1215 3662 in
1237 3599 1412 3684 Philologo,

204 3787 206 3793 Ι
296 3714 381 3776 1867
414 3735 444 3797 p.
463 3715 551 3791 224,
581 3711 618 3774 de
642 3710 728 3775 Med.
757 3712 852 3789 1317,
877 3710 1065 3782 rl-crdnar:
1092 3712 1174 3788 „An
1198 3712 1298 3775 dieser
1321 3734 1416 3795 unge-

294 3825 520 3901 „wbhnlichen
543 3824 609 3887 und
631 3824 804 3908 gesuchten
827 3824 940 3909 phrase
965 3846 1036 3886 nam
1061 3825 1115 3886 Ar.
1135 3831 1255 3888 anstoss
1275 3824 1340 3886 und
1360 3847 1417 3908 rog

296 3936 379 4015 „das
406 3936 592 4000 auffallende
627 3936 787 4000 derselben
820 3927 944 4000 b‘oshalt
966 3936 1014 3998 ins
1038 3935 1232 4014 lacherliche,
1257 3937 1361 4000 indem
1384 3960 1417 4000 er

296 4050 388 4127 „den
427 4050 610 4134 sophistisch
651 4049 830 4132 gebildeten
862 4048 1063 4133 Phidippides
1100 4050 1188 4112 einen
1220 4048 1418 4111 worthervor-

297 4161 433 4238 „hebler
473 4170 581 4241 nennt,
624 4161 658 4224 in
699 4161 871 4224 deutlicber
917 4161 1105 4245 anspielung
1145 4161 1200 4223 auf
1240 4160 1416 4244 Euripides,
1447 4221 1449 4225 ,

292 4273 380 4350 „der
393 4322 488 4337 .....
520 4274 631 4338 Medea
660 4296 751 4357 sagen
774 4274 863 4338 l'asst:
889 4296 949 4336 was
975 4273 1111 4358 bewegst
1138 4275 1201 4338 und
1224 4272 1351 4337 huhelst
1373 4273 1417 4338 du

295 4386 378 4465 „auf
407 4387 491 4450 diese
520 4387 636 4451 thur?”
667 4386 787 4450 Verum
815 4387 1039 4466 drapoznsdsn
1068 4387 1168 4461 πύλαις
1191 4387 1318 4452 omnino
1338 4385 1419 4450 nihil
