3218 5370
172 691 177 697 ·
242 662 282 723 10
662 676 896 720 sensurussrs.

223 842 272 905 Vs.
295 833 364 902 396
379 865 444 925 sqq.
469 852 502 906 K.
529 845 579 907 ούκ
603 841 679 906 ἔνδον
702 840 778 906 ἔνδον
802 841 891 914 ἐστὶν,
916 844 940 906 εἷ
962 844 1082 921 γνῶμκν
1104 841 1191 922 ἔχεις.

463 967 499 1018 Δ.
525 960 586 1027 πῶς
610 954 696 1026 ἔνδον,
721 950 771 1018 εἶτ’
796 957 848 1018 οὐκ
871 953 964 1029 ἔνδον;
991 966 1022 1018 Κ.
1049 954 1146 1036 ὀρθῶς,
1172 952 1192 1019 ῶ
1216 956 1306 1037 γέρον.
1334 935 1336 939 .

528 1069 540 1131 ύ
565 1073 630 1138 νοῦς
656 1065 710 1144 μέν
735 1063 788 1139 ἔξω
811 1063 961 1144 ξυλλέγων
984 1066 1110 1131 ἐπύλλιον

531 1183 582 1244 οὐκ
606 1179 692 1252 ἔνδον,
717 1181 803 1250 κύτδς
828 1179 853 1243 δ’
879 1178 955 1243 ἔνδον
978 1180 1136 1257 οἰνοιβύδκν
1159 1190 1233 1245 ποιεῖ

529 1294 700 1374 τρκγῳδίοιν.

265 1407 318 1469 Vs.
352 1409 414 1469 396
447 1405 521 1469 Cob.
553 1408 603 1470 ούκ
634 1405 710 1470 ἔνδον
741 1405 777 1468 ῶν
801 1404 852 1468 ἔστ
875 1404 969 1480 ἔνδον;
995 1406 1091 1470 Mein.
1117 1405 1193 1471 ἔνδον
1216 1433 1248 1471 τε
1271 1411 1341 1472 κούκ

220 1517 280 1582 ἔστ’
305 1517 382 1582 ἔνδον
404 1504 452 1583 vel
476 1522 525 1583 ούκ
550 1518 626 1582 ἔνδον
650 1518 726 1582 ἔνδον
748 1520 775 1581 τ’
799 1519 884 1582 ἐστίν.

265 1632 391 1716 Duplex
422 1633 505 1696 hisce
536 1634 617 1695 inest
646 1632 780 1716 parodia.
812 1632 859 1696 De
891 1633 987 1696 altera
1010 1634 1079 1696 vide
1103 1635 1141 1697 ad
1166 1636 1340 1719 proximum

220 1768 353 1810 versum.
379 1745 480 1809 Schol.
505 1745 632 1809 σκώπτει
655 1744 745 1809 πύλιν
768 1747 815 1809 τδν
836 1745 993 1824 Εὐριπίδην
1012 1746 1061 1808 aaa
1078 1747 1111 1810 τὸ
1130 1748 1158 1810 έν
1171 1724 1232 1818 wia
1244 1748 1340 1824 λύγοις

221 1853 291 1922 εἷνοιι
303 1859 533 1934 συλλογιστικὸν,
548 1857 599 1920 uxi
612 1853 643 1920 ού
655 1857 690 1920 ῶν
704 1856 777 1936 λέγρ
791 1858 822 1921 τὸ
836 1858 960 1921 ένοιντέον
969 1859 1058 1920 πύλιν
1067 1859 1338 1938 κοιτοοσκευύζοντκ.

224 1971 352 2034 Confert
377 1971 548 2033 Scholastia
572 1971 766 2033 notissimum
789 1972 994 2053 eumdemque
1013 1973 1246 2036 vexatissimum
1258 1972 1342 2058 Hyp-

223 2083 322 2168 polyti
347 2106 467 2147 versum
493 2085 573 2144 612:
599 2084 615 2154 ἡ
640 2083 752 2159 γλῶσσ’
776 2084 914 2161 ὀμώμοκ’
936 2084 952 2155 ἡ
972 2083 1003 2147 δὲ
1024 2084 1099 2164 Φρδν
1118 2086 1277 2162 ν’νῶμοτος,
1291 2109 1342 2149 ne-

223 2218 284 2279 que
308 2195 423 2259 infitior
446 2196 599 2278 tragicum
620 2196 741 2278 saepius
761 2195 804 2257 ita
823 2195 1000 2259 distinxisse
1013 2204 1147 2259 mentem
1162 2195 1277 2281 abipso
1289 2197 1342 2259 ho-

224 2310 316 2388 mine,
340 2334 368 2373 v.
394 2333 419 2373 c.
444 2309 562 2374 Phoen.
588 2311 661 2388 360,
691 2311 784 2388 1418,
810 2308 878 2371 Ion.
901 2309 1342 2388 251,h001000tame11huc
1366 2319 1370 2327 '

224 2446 287 2486 non
311 2424 437 2508 respicit
460 2424 513 2486 Ar.
537 2423 674 2486 Exhibet
698 2423 780 2485 eninr
804 2422 979 2507 exemplum
998 2423 1193 2500 λεπτολογίκς
1212 2445 1292 2506 quae
1311 2432 1343 2487 et

224 2536 299 2599 alibi
321 2542 353 2599 et
375 2537 407 2599 in
430 2536 589 2619 Euripidis
613 2535 759 2598 dramatis
782 2535 935 2619 reperitur
958 2542 995 2598 ut
1023 2535 1118 2618 Hipp.
1145 2538 1240 2612 1034,
1264 2535 1341 2599 Hec.

228 2652 300 2729 566,
324 2648 440 2712 Phocn.
467 2649 540 2725 357,
565 2648 632 2710 lon.
661 2650 744 2710 litt
764 2647 893 2731 (Phoen.
914 2654 945 2711 et
963 2647 1020 2711 Ion
1040 2656 1109 2731 post
1130 2647 1342 2740 Acharnenses

225 2765 258 2827 in
288 2785 409 2825 scenam
441 2760 642 2846 prodierunt).
667 2760 797 2823 Minime
821 2765 924 2823 autem
949 2759 1186 2845 improbandum
1209 2769 1256 2824 est
1279 2762 1342 2825 tale

226 2875 375 2958 loquendi
398 2897 507 2958 genus,
531 2897 569 2937 ne
593 2875 681 2936 inre
705 2874 790 2956 gravi
815 2873 957 2956 quidem,'
975 2874 1065 2937 cuius
1088 2875 1177 2938 testis
1202 2876 1243 2936 sit
1266 2875 1344 2937 Pau-

227 2990 286 3067 lus,
312 2989 366 3071 qui
391 2991 408 3049 2
433 2985 501 3050 Cor.
527 2986 584 3064 VI,
609 2991 627 3049 9
652 2989 689 3058 ῶς
713 2985 897 3063 οὶγνοούμενοι
920 2984 972 3049 κοῶ
996 2987 1278 3064 ἐπιγιγνυσκύμενοι,
1305 2989 1342 3057 ῶς

226 3099 460 3174 ἀποθνήσκοντες
483 3098 534 3163 κοιδ
558 3101 616 3164 ἰδοὺ
636 3099 802 3178 ζῶμεν....
825 3101 861 3171 ῶς
881 3099 1054 3177 λυπούμενοι
1073 3099 1118 3163 aial
1136 3101 1166 3163 δὲ
1182 3100 1342 3179 χοιίροντες,

333 3215 370 3284 ῶς
400 3212 491 3290 μκδέν
518 3209 639 3290 ’ἔχοντες
671 3211 722 3275 κοῶ
754 3210 853 3275 πύντοι
883 3211 1070 3291 κοιτέχοντες.
1096 3211 1344 3296 Reprehensione

227 3349 299 3390 vero
329 3326 442 3409 dignus
472 3332 517 3388 est
549 3326 678 3409 scriptor
709 3325 763 3407 qui
794 3325 859 3388 sine
888 3324 998 3389 idonea
1029 3348 1130 3402 causa,
1159 3333 1284 3389 tantum
1308 3331 1345 3388 ut

225 3440 325 3503 verbis
354 3439 453 3516 ludat,
485 3439 530 3501 rei
560 3439 706 3522 gravitati
730 3439 900 3522 incongrua
923 3438 1066 3522 proferat,
1091 3446 1128 3502 ut
1152 3462 1178 3501 v.
1204 3461 1229 3501 c.
1255 3438 1343 3501 Euri-

228 3555 314 3640 pides
343 3554 375 3616 in
405 3553 525 3616 Alcest.
557 3576 599 3615 vs.
625 3555 685 3614 521
711 3573 788 3633 sqq„
813 3550 867 3614 ubi
892 3552 1054 3628 Admetus,
1080 3550 1345 3635 oppressusscili-

229 3674 278 3730 cet
312 3673 343 3728 et
378 3665 536 3728 confectus
570 3664 685 3741 dolore,
719 3663 878 3726 subtiliter
912 3661 1035 3726 disserit
1073 3662 1110 3725 de
1147 3685 1242 3725 uxore
1274 3685 1344 3726 mon

229 3779 378 3842 moritura
408 3785 440 3840 et
469 3776 600 3841 Herculi
633 3776 758 3861 exponit
787 3774 942 3858 quomodo
965 3772 1042 3837 ἔστιν
1065 3798 1098 3837 τε
1121 3774 1233 3838 κούκέτ’
1258 3773 1343 3839 ἔστιν.

229 3892 310 3955 Sunt
344 3891 418 3954 haec
455 3890 678 3971 πκροιπρίσμκτ’
714 3890 790 3952 ἐπῶν
821 3910 900 3970 quae
928 3888 1006 3950 Rau.
1042 3889 1126 3950 1443
1157 3888 1271 3972 carpsit
1299 3911 1346 3952 co·

228 4006 336 4083 micus,
368 4006 472 4089 qualia
505 4005 630 4089 Agatho
654 4025 779 4086 quoque
803 4002 967 4082 adamavit,
991 4002 1081 4065 cuius
1104 4001 1243 4081 πύρεργον
1267 4000 1346 4082 ἔργον

227 4126 339 4182 notum
362 4127 418 4182 est.

272 4230 352 4295 Cum
393 4232 611 4316 Aristophanis
651 4231 718 4293 loco
760 4231 964 4293 conferendus
1004 4236 1052 4293 est
1085 4229 1172 4293 locus
1207 4228 1347 4291 Platonis

228 4344 335 4408 comici
370 4366 462 4426 quem
497 4346 628 4408 servavit
663 4342 764 4406 Schol.
800 4343 922 4406 Thesm.
946 4347 1032 4421 -808,
1058 4343 1108 4406 cui
1132 4341 1242 4406 similis
1266 4342 1347 4403 inest

228 4459 332 4521 lusus:
