3218 5370
754 601 869 645 susan.
1285 586 1345 644 149

248 763 415 845 πλεονάζειν
444 767 484 846 τῷ
516 765 599 846 βάρει
629 772 685 830 τῶν
714 767 869 846 προσώπων
893 767 1074 847 κωμωδεῖτωι
1097 768 1166 846 πάρ’
1190 767 1370 848 Ἀριστοφά-

249 900 320 949 νους.
353 879 382 940 ἐν
414 878 469 956 μέν
499 878 557 959 γάρ
587 888 623 959 τῇ
654 880 750 959 Νιέβρ
781 879 878 957 Νιάβν
912 879 963 952 ἕως
986 880 1078 960 τρίτου
1103 878 1205 960 μέρους
1229 882 1368 954 garnato-

247 989 319 1066 μένν
334 1039 429 1054 .....
462 993 540 1055 οὐδὲν
570 992 737 1072 Φάέγγετονι
767 994 826 1056 κτέ.
859 992 944 1057 Addi
973 1001 1076 1077 potest
1098 994 1204 1057 drama
1226 993 1310 1077 Mysi
1334 995 1368 1057 iu

248 1124 310 1185 quo
341 1101 459 1182 άΦωνος
490 1104 634 1189 prodibat
662 1104 830 1190 Telephus,
855 1106 894 1170 cf.
920 1105 1043 1169 Nauck.
1067 1106 1104 1169 fr.
1131 1106 1210 1190 Mys.
1235 1107 1273 1169 In
1297 1105 1370 1170 Pro-

249 1215 373 1278 matheo
403 1238 466 1278 non
498 1218 584 1300 prius
607 1218 748 1300 loquitur
771 1218 976 1281 Prometheus
1000 1241 1093 1302 quam
1116 1219 1314 1303 Hephaestus
1338 1227 1369 1282 et

248 1329 358 1393 Cratos
382 1330 525 1395 abierint.
550 1332 597 1396 De
618 1333 749 1396 Hecuba
769 1335 801 1396 in
821 1332 993 1396 Troadibus
1012 1334 1088 1397 Eur.
1108 1333 1367 1418 cf.Epi1netr.II.

249 1553 301 1617 Vs.
326 1547 406 1616 838.
443 1552 541 1633 ἔχοντ’
566 1553 710 1633 άχάλινον
733 1556 859 1635 άκροιτές
883 1555 1022 1636 άέάρωτον
1046 1557 1156 1634 στο’μοι.

291 1667 338 1729 Ex
361 1667 437 1730 Eur.
460 1667 497 1730 fr.
523 1671 586 1731 495
610 1667 734 1747 άχάλιν’
759 1667 860 1747 έχονσι
883 1669 1031 1746 στόμωτω.
1056 1667 1169 1732 Bacch.
1195 1671 1258 1731 386
1281 1670 1366 1747 άχοι-

246 1780 327 1845 λίνων
351 1782 517 1859 στομάτων,
543 1783 597 1845 Or.
624 1785 686 1846 903
711 1783 780 1863 άνάρ
804 1808 847 1855 τις
871 1782 1097 1864 άθνρέγλωσσος.
1122 1782 1213 1846 Ribb.

246 2005 299 2070 Vs.
325 1997 405 2066 840.
442 2003 558 2082 ἄληθες,
582 1998 603 2067 ά
623 2012 685 2068 ποῖ
704 2014 758 2078 τῆς
781 2005 931 2085 άρονρωίως
955 2006 1034 2081 troo,-

291 2118 390 2182 Schol.
415 2119 496 2198 ποιρά
518 2119 558 2181 τά
581 2117 735 2197 Εὐριπίδου

446 2229 562 2310 dautes,
587 2227 608 2293 ὦ
631 2238 689 2294 πωῖ
708 2239 760 2305 τῆς
784 2231 949 2303 damoetas
974 2233 1052 2306 θεοῦς

291 2347 342 2409 Fr.
376 2347 449 2410 878.
474 2343 605 2428 Propter
629 2367 687 2407 vss.
712 2347 786 2424 855,
812 2347 876 2406 864
899 2344 1035 2429 Telepho
1058 2345 1143 2408 hunc
1167 2367 1290 2407 versum
1315 2345 1367 2406 tri·
1424 2402 1426 2406 .

244 2459 314 2522 buit
345 2458 520 2542 Musgrave.
549 2465 628 2529 Πωῖς
659 2459 683 2521 d.
715 2458 737 2520 θ.
771 2464 817 2521 est
840 2457 987 2521 Achilles.
1013 2457 1061 2521 Of.
1086 2457 1124 2520 ad
1148 2456 1241 2541 Vesp.
1269 2459 1365 2519 1518.

243 2572 290 2636 De
317 2571 495 2650 πτωχοποιὲ,
520 2594 563 2634 vs.
590 2574 663 2650 842,
689 2571 725 2635 cf.
752 2571 830 2634 Ach.
856 2573 932 2633 412.

243 2794 296 2882 Vs.
322 2788 402 2857 844.
439 2793 490 2859 aa}
515 2795 558 2871 μὴ
581 2796 649 2875 πρὸς
672 2795 757 2875 ὀργὴν
780 2795 950 2873 σπλάγχνον
970 2793 1110 2873 deputam
1128 2793 1212 2873 κότῳ.

289 2907 455 2991 Dionysus
481 2908 537 2991 qui
559 2908 621 2970 iam
646 2910 708 2970 835
734 2908 917 2992 Euripidem
940 2907 1041 2971 verbis
1065 2902 1085 2969 ὦ
1109 2906 1234 2983 δαιμόνι’
1258 2906 1366 2985 άνδρῶν

242 3021 399 3085 allocutus
433 3027 508 3100 erat,
546 3020 597 3083 hic
627 3042 752 3103 quoquo
783 3021 904 3105 poetice
936 3021 1086 3103 loquitur.
1119 3019 1193 3081 Eur.
1225 3018 1275 3080 El.
1300 3020 1364 3079 402

241 3139 324 3215 χοιρρῖ
355 3132 585 3213 θερμάινέμεσθω
615 3133 743 3213 κωρδίονν.
778 3135 830 3195 An
853 3132 979 3217 parodia
1002 3133 1043 3195 sit
1065 3132 1230 3195 nescimus.
1256 3130 1362 3193 Koch:

241 3246 335 3326 „Der
358 3270 426 3310 vers
450 3247 571 3310 scheint
594 3248 664 3310 eine
688 3246 819 3310 Parodie
842 3269 881 3309 zu
905 3247 971 3309 sein
995 3269 1056 3308 von
1079 3245 1155 3308 Eur.
1179 3245 1265 3328 Cyol.
1287 3247 1362 3320 424,

241 3362 298 3437 ἐγὼ
330 3361 356 3423 δ’
388 3359 541 3439 ἐπεγχέων
561 3358 566 3448 Ι
587 3358 682 3432 άλλνν
713 3360 760 3423 ἐπ’
790 3357 869 3439 άλλρ
902 3357 1060 3436 σπλάγχν’
1090 3357 1250 3438 ἐέέρμοιινον
1274 3358 1361 3436 ποτῷ.

241 3474 302 3538 Oui
326 3474 490 3536 assentirer
514 3474 540 3536 si
560 3472 727 3557 Euripides
747 3478 831 3552 κότῳ,
853 3472 1078 3556 Aristophanes
1091 3471 1168 3550 ποτῷ
1181 3466 1360 3554 scripsisset.

241 3697 295 3763 Vs.
321 3689 402 3758 849.
439 3691 460 3758 ὦ
484 3694 627 3775 Κρητικάς
651 3692 705 3771 μέν
728 3692 878 3770 συλλέγων
902 3693 1054 3774 μονωδίοις,

440 3806 557 3884 γάμονς
580 3807 606 3870 δ’
627 3806 754 3878 άνοσίονς
778 3806 904 3887 ἐσφέρων
928 3807 967 3877 εἰς
990 3805 1043 3877 τὴν
1067 3803 1187 3883 τέχνην.

285 3922 423 3988 Creticas
454 3919 614 3982 monodias
646 3919 849 3998 ὑπορχάμοιτοι
877 3941 941 3981 osse
964 3940 1043 4000 quae
1066 3916 1103 3980 ab
1128 3916 1202 4000 ipsis
1224 3915 1364 3978 saltanti-

239 4033 298 4097 bus
329 4039 523 4108 canerentur,
557 4031 700 4114 exposuit
724 4030 864 4094 Eritsohe
887 4054 914 4093 a.
939 4031 970 4092 h.
995 4029 1015 4092 l.
1042 4029 1137 4106 Γάμοι
1160 4028 1264 4091 άνόσιοι
1289 4033 1363 4090 sunt

239 4170 268 4210 v.
300 4169 326 4208 c.
356 4145 493 4208 Macarei
516 4151 548 4206 et
573 4141 707 4205 Canaces
730 4143 763 4205 in
787 4142 895 4205 Aeolo,
919 4143 1008 4206 idem
1031 4141 1174 4224 Euripidi
1197 4139 1275 4202 vitio
1301 4161 1364 4202 ver·

238 4260 279 4322 tit
309 4261 363 4322 Ar.
395 4281 439 4321 vs.
474 4259 568 4335 1081,
592 4254 678 4319 Nub.
707 4258 801 4320 1371.
826 4255 986 4319 Incestum
1011 4253 1147 4316 Macarei
1170 4260 1202 4315 et
1221 4253 1360 4317 Canaces

240 4373 344 4453 tangit
367 4371 459 4433 etiam
482 4368 688 4452 Antiphanes,
713 4368 809 4431 Mein.
834 4367 887 4432 ΙΙΙ
910 4390 941 4452 p.
968 4367 996 4430 7.
