3218 5370
582 570 623 652 rin
646 607 820 652 raoaornus
843 608 1014 652 uuarrrors.
1273 589 1335 653 207

240 784 272 840 et
306 775 495 839 Hermionae
530 775 612 839 vitae
643 774 820 853 insidiatur,
852 797 916 837 non
945 779 1036 837 antea
1068 774 1122 837 sed
1154 780 1223 837 tum
1255 796 1361 837 revera

239 876 406 940 insaniens.
996 883 998 886 ’

284 974 404 1038 Verum
427 976 548 1058 gravior
571 975 670 1037 oritur
694 973 850 1037 dubitatio
873 974 996 1058 singula
1019 973 1233 1059 perpendenti.
1256 973 1362 1057 Negat

240 1075 405 1139 Menelaus
417 1099 448 1139 se
461 1076 494 1139 iu
507 1075 609 1139 auimo
622 1074 733 1138 habere
747 1073 900 1137 Helenam
913 1076 1017 1138 statim
1030 1074 1213 1152 interficere,
1224 1098 1267 1138 vs.
1278 1077 1341 1140 876
1355 1099 1362 1137 t

417 1176 481 1253 ἐμοὶ
505 1175 531 1239 δ’
560 1173 638 1250 ἔδοξε
660 1176 708 1239 τὸν
732 1176 786 1253 μὲν
811 1177 839 1238 ἐν
863 1176 953 1258 Τροίᾳ
977 1175 1060 1256 μόρον

420 1275 541 1348 Ἑλὲννς
564 1276 658 1348 ibaar,
684 1274 813 1356 ναυπόρῳ
833 1274 860 1339 δ’
888 1275 974 1353 ἄνειν
996 1275 1097 1356 πλάνῃ

420 1376 573 1448 Ἑλληνίδ’
597 1378 626 1448 ἐς
649 1383 716 1453 γῆν,
740 1371 808 1458 κᾷτ’
831 1378 891 1441 ἐκεῖ
908 1377 1005 1441 δοῦναι
1028 1384 1151 1442 κτανεῖν.

288 1475 341 1540 Vs.
367 1479 430 1540 905
454 1481 560 1540 contra
586 1477 769 1561 profitetur:

418 1579 469 1642 οὐκ
491 1579 521 1650 ἐς
543 1577 647 1655 λόγους
665 1577 781 1651 ἐλήλυθ’
805 1575 889 1641 νὶλλνὶ
913 1602 946 1641 σε
969 1581 1082 1642 κτενῶν.

242 1679 263 1742 i.
295 1701 320 1741 e.
346 1679 449 1742 atatim
474 1684 502 1740 te
525 1684 694 1758 necaturus,
719 1685 757 1740 ut
780 1701 796 1740 e
821 1677 920 1741 verbis
944 1677 1101 1756 Hecubae,
1127 1701 1170 1742 νε.
1197 1681 1260 1741 006
1284 1701 1361 1761 sqq,

243 1785 275 1842 et
305 1778 404 1863 ipsius
426 1777 572 1855 Menelai,
597 1801 639 1842 νε.
666 1779 761 1855 1039,
786 1777 890 1841 lucide
914 1784 1052 1863 apparet.
1077 1781 1121 1841 At
1144 1779 1227 1842 dicat
1251 1779 1363 1861 aliquis

241 1879 318 1942 haec
340 1878 429 1941 facile
452 1878 601 1962 explicari
624 1900 711 1962 posse
731 1878 756 1941 si
776 1878 944 1943 statuimus
957 1879 1146 1959 Menelaum,
1160 1885 1196 1942 ut
1210 1879 1362 1943 Helenam

242 1985 382 2056 terreret,
410 1979 570 2042 saevitiam
593 1978 763 2044 simulasse.
789 1979 851 2044 Oui
874 1979 1042 2063 respondeo
1066 2002 1115 2042 me
1140 1980 1216 2043 mihi
1240 2003 1363 2065 persua-

243 2080 316 2142 dere
351 2100 414 2141 nou
447 2101 536 2163 posse
570 2085 635 2141 tam
666 2078 817 2142 stolidum
848 2078 942 2142 fuisse
973 2079 1157 2164 Euripidem
1183 2086 1229 2157 ut,
1254 2081 1280 2144 si
1301 2080 1364 2144 tale

244 2178 321 2262 quid
356 2178 414 2242 sibi
446 2179 668 2264 proposuisset,
705 2179 766 2242 iam
798 2177 835 2241 ab
867 2179 968 2258 initio,
999 2202 1042 2242 νε.
1078 2182 1152 2259 876,
1178 2185 1365 2264 spectatores

244 2279 389 2343 certiores
418 2279 541 2343 fecisset
572 2278 750 2342 Menelaum
781 2301 845 2342 non
868 2280 946 2342 serio
970 2278 1152 2342 locuturum
1177 2302 1242 2344 esse
1265 2286 1298 2342 et
1320 2284 1366 2342 to·

245 2387 315 2444 tum
350 2380 489 2444 Helenae
518 2386 550 2442 et
579 2378 716 2443 Menelai
746 2379 937 2462 colloquium
963 2378 1045 2443 nihil
1074 2403 1139 2443 esse
1162 2379 1222 2442 nisi
1246 2379 1361 2443 lusum.

245 2483 314 2544 Hac
336 2479 449 2564 agendi
471 2480 591 2543 ratione
613 2480 712 2542 totius
733 2502 841 2543 scenae
860 2503 990 2544 nervum
1011 2481 1099 2562 quasi
1116 2480 1262 2543 intercidi
1274 2502 1365 2543 nemo

245 2604 308 2645 non
345 2580 438 2644 videt.
473 2580 638 2644 Praeterea
668 2580 760 2643 nihili
789 2603 852 2643 esse
883 2603 954 2644 cum
985 2581 1186 2665 philosophae
1218 2579 1366 2644 Hecubae

247 2680 492 2766 disputationem
527 2687 597 2743 tum
628 2680 777 2744 formosae
808 2679 947 2744 Helenae
978 2703 1094 2765 preces,
1127 2681 1152 2744 si
1175 2679 1255 2743 nihil
1279 2680 1367 2744 aliud

246 2788 477 2864 consequantur
500 2802 593 2864 quam
613 2780 698 2862 quod
716 2781 777 2844 iam
797 2780 917 2845 dudum
930 2788 997 2845 toto
1010 2789 1120 2846 notum
1134 2788 1213 2845 osset
1225 2782 1366 2845 theatro:

424 2883 547 2946 ἐλθοῦσα
571 2881 596 2945 δ’
621 2878 733 2963 ’Ἄργος
757 2880 850 2963 ὥσπερ
873 2879 943 2957 ἄξια
967 2887 1063 2954 κακῶς

422 2981 499 3053 κνκὶν
524 2983 663 3046 tauricas.
688 3005 731 3045 νε.
759 2985 853 3045 1055.

291 3082 338 3146 De
371 3083 430 3146 isto
467 3083 611 3145 Menelao
641 3106 681 3146 ne
712 3083 864 3147 exclamet
894 3082 1039 3147 Hecuba:
1071 3084 1123 3148 οὐκ
1152 3081 1213 3148 ἔστ’
1243 3082 1368 3165 ἐραστὴς

247 3183 325 3256 ὅστις
357 3186 409 3248 οὐκ
438 3182 485 3247 alal
517 3188 609 3263 Φιλεῖ.
642 3184 692 3246 An
723 3183 810 3246 illam
842 3206 911 3269 spes
934 3183 1107 3247 fefellerat?
1131 3183 1217 3264 Quid
1240 3183 1367 3247 tandem

246 3284 441 3370 speraverat?
465 3283 645 3347 Menelaum
670 3306 798 3347 uxorem
829 3284 935 3347 statim
958 3284 1197 3348 interfecturum
1218 3282 1304 3347 esse?
1324 3284 1369 3347 Aa

247 3385 409 3449 audiverat
443 3407 516 3448 eum
547 3384 605 3448 hoe
636 3407 667 3447 se
699 3384 860 3448 intendere
890 3390 1066 3468 negantem,
1099 3409 1142 3448 vs.
1167 3387 1240 3450 876.
1265 3384 1367 3468 Rogat

248 3508 319 3548 eum
355 3491 392 3548 ut
422 3485 511 3548 uxori
541 3484 665 3548 dicendi
697 3485 815 3568 copiam
840 3485 933 3548 faciat
958 3492 1126 3568 antequam
1149 3485 1297 3564 trucidet,
1322 3506 1366 3547 νε.

249 3589 323 3649 906.
359 3587 403 3648 rlt
438 3584 554 3649 sciebat
585 3607 657 3648 eum
688 3584 858 3649 dilaturum
891 3609 955 3649 esse
988 3585 1177 3670 supplicium
1207 3585 1304 3650 donee
1335 3585 1369 3648 in

249 3684 410 3749 Graeciam
433 3686 607 3749 rediissent.
632 3685 776 3768 Denique
800 3686 826 3748 si
849 3685 1014 3770 relegimus
1037 3710 1080 3750 vs.
1107 3689 1169 3748 890
1194 3708 1259 3769 sqq,
1284 3687 1368 3750 unde

248 3790 376 3871 apparet
409 3783 572 3849 Hecubam
609 3785 748 3849 Menelai
778 3785 870 3850 verba
902 3786 1065 3860 audivisse,
1098 3786 1198 3850 oritur
1228 3787 1369 3869 quaestio

248 3908 384 3969 quonam
420 3885 511 3949 modo
546 3886 612 3949 fieri
643 3886 783 3970 potuerit
813 3891 850 3948 ut
881 3909 922 3949 νε.
957 3889 1019 3949 890
1044 3885 1075 3948 id
1098 3886 1200 3971 ipsum
1223 3887 1366 3950 laudaret

252 3985 339 4071 (νιῖνῶ
359 4009 401 4064 σε,
422 3985 517 4071 Μεν.)
533 3986 617 4068 quod
630 4008 673 4048 νε.
689 3988 774 4048 1001
787 4007 852 4068 sqq.
866 3985 1063 4070 improbarit.
1079 3983 1190 4068 Neque
1203 3987 1306 4050 minus
1319 3994 1367 4051 est

251 4086 427 4148 mirandum
452 4085 632 4148 Menelaum
655 4109 712 4148 νεε.
739 4088 823 4148 1030
848 4108 926 4168 sqq,
951 4085 1064 4168 quibus
1085 4085 1177 4149 choro
1195 4087 1370 4173 respondet,

181 4216 184 4221 ·
251 4186 343 4271 plane
368 4185 503 4249 oblitum
527 4208 591 4248 esse
616 4185 700 4268 quod
724 4209 767 4250 νε.
794 4187 856 4249 876
880 4209 946 4269 sqq.
970 4187 1004 4249 in
1027 4187 1130 4250 animo
1153 4186 1321 4252 habuisset.

295 4285 346 4350 Ne
377 4287 493 4350 multa:
526 4285 644 4349 Versus
675 4289 871 4351 890-1050
901 4309 972 4351 cum
1001 4287 1259 4371 praecedentibus
1281 4288 1370 4351 nullo

251 4393 343 4472 pacto
366 4386 525 4450 conciliari
548 4391 693 4471 possunt.
