3218 5370
493 600 612 646 saona.
636 601 886 646 rcaoooomnen
909 602 944 646 rr
967 601 1098 646 aromo.
1273 585 1333 645 201

237 777 374 851 pontem:
405 769 530 849 auqurio
557 777 672 850 accepto
697 792 819 851 puerum
842 771 1000 832 ecanimem
1024 773 1059 832 de
1081 770 1157 832 datio
1180 770 1292 857 educit.
1317 769 1366 831 cni

242 871 343 932 Minos
366 871 430 934 ait:
458 893 602 951 „corpore
625 872 742 933 inuento
764 893 843 933 nunc
865 871 1003 950 spiritum
1027 868 1178 932 restitue.''
1205 872 1290 937 Quod
1309 870 1366 932 Po·

242 970 341 1053 lpidus
371 995 435 1033 cum
463 977 582 1052 neqaret
618 993 700 1052 posse
724 971 806 1054 pieri,
833 971 933 1033 Minos
955 972 1033 1033 iuhct
1055 995 1119 1033 cnm
1140 993 1230 1051 puero
1252 972 1285 1034 iu
1309 993 1364 1033 mo·

243 1078 381 1134 uramenta
413 1071 527 1135 includi
550 1078 578 1134 et
598 1072 733 1152 qtadium
749 1071 834 1153 poni.
860 1071 911 1153 qui
934 1093 998 1134 eum
1020 1070 1129 1133 inclusi
1152 1078 1256 1149 essent,
1279 1073 1367 1134 draco

243 1180 359 1253 repente
381 1176 423 1236 ad
443 1195 544 1254 corpm
559 1173 651 1254 pueri
671 1172 820 1253 processit,
846 1175 923 1254 quod
943 1172 1088 1254 Pohpidus
1110 1171 1282 1234 enistimans
1304 1193 1368 1234 eum

244 1274 317 1336 aethe
342 1295 514 1351 consumere,
535 1273 635 1353 plodio
657 1279 772 1353 repente
794 1273 938 1352 percussit
957 1280 985 1335 et
1003 1271 1117 1336 occidit.
1137 1273 1235 1334 attera
1252 1293 1369 1353 serpens

241 1395 341 1455 parem
366 1396 517 1456 quaerens,
543 1373 617 1436 cidit
640 1395 703 1436 eam
726 1373 918 1458 interfectam
940 1379 968 1434 et
980 1394 1136 1454 proqressa
1156 1374 1271 1435 hertam
1290 1379 1371 1435 attu-

245 1475 283 1537 tit
312 1482 400 1558 atque
429 1475 492 1536 eins
522 1481 605 1539 tactu
628 1473 756 1555 serpenti
778 1473 917 1554 spiritum
939 1472 1092 1547 restitnit;
1117 1473 1243 1554 idemque
1265 1472 1368 1553 Potpi·

245 1578 301 1638 dns
315 1575 409 1658 fecit.
436 1574 487 1658 qui
509 1598 573 1637 cum
596 1575 679 1637 intus
702 1574 948 1655 uociferarentur,
973 1574 1091 1656 qnidam
1106 1573 1288 1654 praeteriens
1306 1572 1368 1635 Mt-

246 1677 296 1738 noi
318 1676 481 1752 nuntiauit,
507 1675 558 1758 qni
576 1681 788 1738 monumentum
810 1674 896 1737 iussit
915 1675 1026 1756 aperiri
1045 1681 1074 1737 et
1087 1675 1190 1758 fitium
1202 1675 1369 1737 incolumem

246 1777 438 1857 recooperuerit,
467 1776 624 1860 Potpidum
648 1798 711 1839 cum
734 1775 837 1838 mattis
859 1776 1025 1838 muneribus
1045 1775 1077 1838 in
1095 1775 1226 1856 patriam
1244 1774 1366 1837 remisit.

294 1877 388 1940 Hisce
420 1882 526 1939 autem
557 1898 705 1960 compone
736 1874 840 1938 Schol.
872 1875 969 1938 Arist.
993 1897 1022 1959 p.
1050 1875 1111 1938 728
1136 1897 1185 1959 ap.
1209 1873 1304 1937 Dind.
1329 1873 1367 1936 f.

248 1975 317 2040 Pol.
349 1976 504 2048 Πολύειδοο
532 1977 688 2050 πεποίνποιι
713 1977 814 2056 δρῖιροοο
836 1976 991 2056 Εὐριπίδρ,
1016 1976 1044 2039 ἐν
1068 1969 1088 2056 ᾧ
1112 1975 1184 2052 βοῦν
1207 1974 1369 2055 πρίχρομον

250 2084 329 2141 ποιεῖ
360 2078 500 2158 εὑρῆσθαι,
531 2084 562 2141 et
593 2077 733 2162 inprimis
765 2077 888 2140 Aeliae.
921 2075 963 2140 N.
997 2077 1059 2140 An.
1092 2076 1131 2139 V.
1165 2079 1184 2138 2
1215 2075 1256 2139 ib.
1281 2078 1310 2140 ἕν
1333 2084 1369 2156 τῇ

250 2177 345 2258 Κρήπρ
381 2183 505 2255 praem
535 2178 579 2255 pir
610 2177 741 2255 pirrohon'
769 2183 846 2256 φοιοι
876 2178 908 2240 ri
932 2175 1073 2256 aapdaur
1088 2224 1184 2249 .....
1208 2174 1279 2240 ἔοικε
1302 2174 1370 2239 δὲὸ

249 2279 317 2358 Εὐρ.
353 2278 565 2355 ἀβασανίστως
595 2277 780 2350 πεποιηκέναι
811 2278 859 2342 τὸν
890 2276 1043 2342 Πολύειδον
1074 2278 1180 2357 ὂρῶνποι
1209 2275 1370 2350 sirtarim

249 2377 319 2459 ὄρνιν
342 2377 393 2443 nai
417 2377 450 2453 ἐξ
472 2381 566 2452 atahe
588 2378 807 2459 rennupdpsror
832 2377 873 2442 ὅτι
897 2378 1004 2459 εὑρήσει
1027 2377 1079 2442 nni
1103 2378 1151 2441 τὸν
1170 2382 1303 2441 Panium
1321 2377 1369 2441 πδν

250 2480 391 2543 retraham
414 2483 464 2544 τοῦ
489 2480 570 2545 Μίνω
594 2481 641 2543 πδν
665 2477 729 2543 oio'r.

294 2579 342 2642 Ex
363 2579 411 2642 his
432 2580 618 2644 testimoniis
641 2580 696 2662 qui
720 2579 832 2642 efficiat
855 2579 1034 2664 scriptorem
1058 2577 1182 2642 fabulae
1201 2600 1364 2662 argumen-

250 2687 319 2744 tum
342 2680 488 2745 dramatis
511 2679 673 2765 Euripidei
690 2680 819 2760 novisse,
840 2679 977 2759 minime,
998 2679 1117 2764 opinor,
1137 2685 1251 2743 temere
1272 2700 1362 2762 agere

252 2781 425 2845 censendus
448 2788 505 2845 est.

295 2884 325 2944 4.
349 2880 423 2945 Fab.
450 2884 511 2944 120
535 2880 598 2944 fata
621 2881 804 2965 Iphigeniae
824 2882 858 2945 in
877 2879 987 2944 Tauris
1006 2887 1192 2945 narrantur:
1212 2931 1231 2960 „
1244 2885 1370 2945 Orestem

250 2983 355 3046 matris
369 2985 481 3068 furiae
503 3006 567 3046 cnm
588 2984 773 3064 crepitarent
795 2985 925 3064 Delphos
948 2984 1130 3047 sciscitatum
1155 2991 1198 3047 est
1217 2985 1371 3064 profectus

252 3085 318 3167 quis
348 3087 464 3147 tandem
489 3087 587 3146 modus
609 3091 683 3146 essct
705 3106 922 3162 aerumnarum,
945 3106 1111 3164 responsum
1134 3091 1177 3147 est
1201 3091 1234 3147 ut
1260 3087 1291 3146 in
1314 3091 1372 3147 ter·

165 3207 168 3212 ’
251 3207 315 3247 ram
344 3185 499 3247 Tauricam
527 3187 570 3246 ad
598 3206 690 3264 nepem
725 3185 881 3247 Thoantem
902 3191 1016 3264 patrem
1041 3185 1223 3267 prsipples
1247 3185 1304 3247 iret
1327 3185 1371 3246 in·

252 3288 342 3369 deque
364 3289 398 3348 de
421 3287 525 3365 tempto
548 3285 669 3348 Dianae
690 3285 805 3365 siqnnm
828 3287 920 3364 Arpos
942 3285 1075 3368 afferret,
1102 3292 1173 3347 tnnc
1188 3286 1281 3368 finem
1304 3286 1372 3366 fore

253 3387 403 3463 malornm,
434 3392 511 3447 sorte
531 3386 638 3448 andita
661 3408 724 3448 eum
747 3385 863 3468 Pplode
887 3385 1019 3465 Strophii
1035 3385 1105 3468 filio
1126 3387 1225 3448 sodale
1246 3408 1297 3448 suo
1320 3408 1373 3448 na·

252 3508 313 3550 cem
340 3487 513 3562 conscendit,
538 3486 726 3568 celeriterque
749 3488 791 3548 ad
816 3486 927 3547 Tatnos
951 3488 1138 3562 devenerunt,
1164 3508 1282 3568 qrrorrrm
1298 3486 1372 3569 fuit

253 3586 424 3649 institutum
452 3594 486 3648 ut
509 3587 560 3668 qni
583 3586 665 3648 intra
681 3587 761 3668 pines
784 3607 880 3648 eornm
902 3587 1000 3666 hospes
1023 3586 1147 3648 uenisset
1170 3588 1272 3667 tempto
1296 3587 1373 3648 Dia·

252 3709 309 3750 nae
341 3687 550 3750 immolaretur.
586 3686 635 3748 uhi
670 3688 784 3748 Orestes
811 3693 841 3747 et
870 3686 1001 3768 Pptades
1031 3708 1095 3748 cnm
1128 3687 1160 3748 in
1183 3688 1322 3766 spetunca
1344 3709 1374 3749 se

254 3794 427 3851 tutarentur
456 3794 484 3850 et
513 3788 685 3850 occasionem
715 3793 879 3867 captarent,
911 3810 930 3848 a
957 3786 1123 3866 pastoribus
1144 3786 1313 3867 deprehensi
1334 3789 1377 3849 ad

252 3909 354 3968 nepem¹
379 3887 536 3949 Thoantem
567 3893 637 3948 sunt
666 3886 793 3948 deducti.
824 3907 891 3967 quos
919 3885 1013 3948 Thoas
1037 3907 1089 3948 sno
1111 3908 1186 3949 more
1208 3887 1320 3949 uinctos
1341 3888 1374 3950 in

254 3989 390 4069 temptum
425 3987 546 4048 Dianae
579 3993 614 4048 ut
647 3986 868 4049 immutarentur
901 3985 970 4048 duci
1004 3985 1103 4063 iussit,
1140 3987 1190 4048 uhi
1219 3987 1374 4067 Iphiqenio

259 4089 369 4151 Orestis
403 4110 483 4151 soror
513 4088 579 4166 fnit
613 4089 755 4149 sacerdos.
786 4108 886 4170 eosque
915 4108 950 4148 en
973 4086 1065 4166 siquis
1088 4093 1175 4167 atque
1196 4088 1375 4168 arqnmentis

254 4188 304 4271 qui
336 4196 430 4251 esseest
461 4188 533 4268 quid
561 4187 706 4250 uenissent
735 4195 887 4269 postquam
917 4187 1026 4264 resciit,
1058 4187 1176 4250 abiectis
1203 4188 1375 4251 ministeriis

254 4289 321 4371 hosa
354 4289 446 4370 coquit
474 4289 592 4369 siquam
623 4288 744 4350 Dianae
772 4289 907 4351 anathene.
936 4309 989 4369 quo
1012 4309 1063 4349 ren
1085 4310 1149 4350 cnm
1171 4288 1374 4353 interuenisset

257 4397 286 4455 et
308 4390 449 4472 roqitaret
472 4413 524 4453 cnr
548 4389 581 4453 id
599 4391 726 4472 faceret,
751 4389 807 4451 itta
830 4389 970 4451 ementita
992 4394 1036 4450 est
1055 4388 1181 4470 dicitque
1199 4392 1376 4454 eosscetera-

1219 4485 1248 4526 ιι
