3218 5370
306 605 347 664 46
787 620 894 664 nosse.

278 787 453 871 tragoediae
477 810 598 850 scenam
621 786 817 850 referendum
840 787 973 863 videtur,
998 787 1110 852 efficias
1130 790 1206 853 haec
1225 789 1396 875 verbapro-

280 901 358 963 fecta
381 923 445 963 esse
470 899 508 962 ab
532 902 762 982 Agamemnone
785 921 856 962 cum
880 899 974 963 fratre
993 899 1138 964 Menelao
1157 902 1330 966 altercanti.
1351 902 1399 968 Cf.

281 1011 424 1076 Geelium
448 1013 481 1074 in
504 1034 600 1075 comm.
623 1016 659 1074 dc
686 1013 805 1093 Telepho
828 1019 860 1075 et
882 1012 1042 1091 Jahnium,
1072 1016 1185 1096 Teleph.
1210 1037 1240 1098 p.
1268 1019 1320 1078 22.

324 1127 368 1188 At
391 1124 499 1188 scholii
523 1122 614 1187 rerba
638 1125 858 1208 expendamus.
883 1125 1034 1188 Nondum
1060 1127 1249 1210 explicatum
1274 1134 1321 1191 est
1343 1151 1399 1192 cnr

280 1236 381 1301 τιὶιτιι
422 1237 578 1320 scripserit
618 1243 735 1314 auctor,
772 1259 872 1319 neque
906 1239 1177 1320 grammaticorum
1211 1241 1398 1320 testimonia,

280 1350 420 1432 quamvis
450 1355 539 1412 caute
562 1349 600 1411 iis
623 1348 777 1412 utendum
801 1351 851 1428 sit,
875 1358 991 1413 temere
1014 1358 1089 1414 sunt
1112 1353 1294 1437 spernenda.
1320 1352 1400 1434 Quis

280 1462 362 1525 enim
394 1469 456 1524 tam
489 1461 613 1544 ineptus
644 1468 690 1524 est
721 1468 757 1524 ut
780 1463 880 1525 τιέιτιι
903 1462 934 1525 δὲ
960 1464 993 1526 ἐκ
1016 1464 1158 1542 Τηλέφου
1182 1464 1303 1541 scribat,
1328 1488 1400 1528 cum

280 1573 361 1637 nihil
396 1574 455 1636 nisi
489 1574 549 1636 tria
578 1572 726 1636 voeabula
758 1572 791 1637 ἴθ’
823 1571 884 1637 ἔτει
915 1573 1034 1654 χρῄζεις
1061 1576 1134 1639 inde
1166 1576 1304 1639 derivata
1335 1600 1399 1640 esse

280 1687 366 1749 sciat.
398 1685 519 1764 Voluit,
551 1685 669 1768 opinor,
702 1692 810 1749 auctor
843 1685 952 1749 scholii
984 1687 1016 1748 in
1049 1688 1251 1770 sequentibus
1275 1711 1399 1776 quoque

280 1797 432 1861 nonnulla
465 1821 481 1860 e
512 1796 669 1879 tragoedia
700 1820 847 1873 manasse,
879 1805 911 1860 et
941 1798 1069 1863 fortasse
1102 1799 1224 1882 aliquid
1247 1801 1397 1864 eiusmodi
1495 1865 1499 1872 ,

281 1910 358 1974 latet
381 1910 414 1973 in
438 1932 496 1972 vss.
521 1912 584 1971 925
611 1930 656 1992 sq.

457 2055 529 2122 '‘AB.
554 2058 625 2134 ὤμοι
649 2058 756 2136 σιφίιις
781 2059 845 2121 Δι’κ.
872 2058 943 2134 ὤμοι
967 2059 1078 2135 pariae

458 2167 528 2234 ”Aa
555 2166 588 2241 ἧς
610 2169 766 2246 ἐμνήσθης.
790 2170 854 2233 Δίκ.
880 2179 933 2243 τῆς
957 2181 1010 2244 τῆς
1035 2172 1144 2243 πόλεώς
1172 2174 1207 2249 d’,

558 2281 620 2356 ἥτις
643 2309 676 2347 σε
699 2283 806 2363 τρέφει.

325 2432 371 2495 Of.
402 2433 594 2514 colloquium
620 2433 855 2496 Andromachae
879 2441 911 2496 et
934 2433 1082 2498 Hecubae
1105 2434 1216 2498 Troad.
1243 2439 1305 2500 578
1332 2458 1398 2520 sqq.

281 2545 328 2607 De
363 2544 462 2608 verbis
493 2544 709 2628 Aristophanis
739 2550 822 2608 reete
852 2545 1024 2630 disputavit
1054 2546 1151 2626 Koch,
1188 2549 1242 2631 qui
1267 2549 1398 2611 coniecit

282 2659 312 2722 h.
337 2659 357 2721 l.
384 2659 550 2742 legendum
575 2681 657 2722 esse:

458 2805 528 2872 ”Aa
553 2815 606 2880 τῆς
628 2815 689 2880 τῆς.
718 2808 782 2871 Δι’κ.
807 2807 917 2879 πόλεως
939 2806 1001 2880 ἥτις
1025 2833 1059 2871 σε
1081 2808 1187 2890 τρέφει.

327 2958 489 3022 Praeterea
512 2981 574 3021 non
598 2958 783 3042 neglegendi
806 2966 881 3022 sunt
903 2982 961 3022 vss.
988 2961 1050 3021 920
1078 2980 1163 3041 sqq.:

560 3108 625 3170 Δι’κ.
650 3107 686 3169 σὺ
709 3106 740 3170 δέ
763 3108 793 3184 γ’
817 3101 849 3169 εὖ
871 3106 1008 3186 πράττεις

558 3220 649 3284 καίτοι
672 3218 800 3300 πρότερόν
823 3218 854 3295 γ’
877 3220 1045 3297 ἐπτώχευες

559 3332 699 3410 Τήλεφος
723 3325 792 3395 river
816 3333 918 3403 Μυσὸς
941 3330 1075 3412 φάσκων,
1126 3411 1135 3424 .

283 3507 416 3568 quorum
450 3484 525 3547 haec
558 3482 713 3545 sententia
743 3488 806 3544 est:
839 3479 912 3544 Non
944 3503 1063 3565 semper
1095 3482 1139 3543 ita
1167 3503 1293 3565 prosper
1317 3504 1382 3544 eras
1389 3507 1398 3558 3

283 3607 375 3662 antea
410 3620 475 3660 eras
506 3618 631 3680 egenus,
664 3617 735 3658 cum
766 3592 823 3657 sub
854 3593 983 3677 Telephi
1014 3594 1139 3656 nomine
1162 3592 1313 3677 prodibas.
1339 3594 1400 3676 Ag-

284 3732 375 3774 nosco
409 3716 458 3788 te;
490 3710 571 3772 idem
603 3732 635 3772 es
667 3708 721 3791 qui
745 3714 835 3769 antea
860 3713 891 3768 te
914 3729 1017 3789 regem
1040 3706 1201 3790 Mysorum
1223 3730 1287 3770 esse
1311 3706 1400 3790 profi·

284 3823 408 3887 tebaris.

329 3936 393 4016 Qui
417 3943 521 3998 autem
545 3935 580 3996 fit
603 3940 640 3996 ut
662 3933 770 3997 Iustus
794 3933 965 4018 Telephum
986 3933 1159 3996 redivivum
1179 3931 1238 3995 sibi
1256 3931 1399 3995 videatur

285 4024 429 4113 audire?v
448 4048 491 4112 Ni
526 4049 614 4111 fallor
644 4048 717 4130 quia
748 4047 840 4109 etiarn
871 4047 1028 4130 Telephus
1052 4047 1166 4109 multas
1190 4045 1399 4130 sophistarum

283 4161 421 4244 argutias
445 4161 617 4245 protulerat
640 4166 672 4222 et
694 4159 788 4222 huius
811 4166 843 4220 et
861 4163 911 4221 τοῦ
932 4159 1031 4221 ἀδίκου
1050 4158 1164 4242 placita
1184 4157 1266 4220 inter
1285 4180 1316 4220 se
1330 4179 1399 4220 con·

283 4270 460 4335 sentiebant
490 4271 536 4334 vel
567 4271 670 4354 potius
701 4270 874 4333 consentire
895 4269 1081 4333 ridebantur
1105 4269 1317 4354 Aristophani,
1344 4269 1398 4351 qui

285 4385 319 4448 in
341 4383 506 4447 iudicando
528 4405 618 4466 saepe
640 4384 679 4461 τῷ
702 4382 791 4461 ἀδίκῳ
814 4381 892 4462 λόγῳ
916 4383 965 4445 uti
983 4380 1096 4444 maluit
1114 4403 1208 4463 quam
1226 4385 1266 4443 τῶ
1287 4380 1395 4460 δικαίῳ.
