3218 5370
747 577 864 622 sunus.
1279 560 1340 624 177

240 763 308 805 mae
331 747 432 820 notae,
456 747 488 803 at
510 741 648 804 eiusdem
672 741 791 804 farinae
815 749 862 805 est
884 741 973 805 lusus
996 741 1120 807 Thesm.
1147 746 1250 807 1215:
1272 749 1357 826 ὀρτῶς

240 855 271 919 δὲ
294 879 322 919 τι
345 855 448 932 cottion
472 854 540 919 ’στί·
564 853 743 930 καταβιιῆτι
766 852 835 934 γαρ.

288 966 530 1031 Adde'teraium
553 967 657 1030 locum
681 966 824 1052 Alciphr.
848 966 902 1030 Ill
925 970 945 1030 4
968 968 1177 1046 Παλαμήδειοι
1198 970 1363 1049 βούλευμα.

245 1187 298 1254 Vs.
325 1182 431 1251 1443.
466 1185 535 1252 ἔται
558 1187 598 1252 τα
621 1193 667 1251 ιῦι
692 1187 809 1252 ἄπιστα
833 1189 911 1253 πίσθ’
936 1190 1086 1268 ἡγώμεθα

468 1301 509 1364 sal
531 1302 557 1364 δ’
582 1299 652 1365 ὄντα
673 1302 754 1365 πίστ’
776 1299 900 1365 dorosa.

289 1417 375 1478 Haec
398 1413 499 1491 verba,
524 1413 640 1497 quibus
668 1415 833 1499 respondet
851 1414 1018 1499 Euripides
1037 1414 1168 1500 Dionysi
1187 1418 1364 1499 quaestioni

248 1529 343 1604 1435,
366 1549 431 1590 non
454 1527 558 1590 minus
582 1549 676 1609 quam
703 1526 786 1589 1427
812 1549 878 1610 sqq.
902 1529 969 1613 ipsa
991 1529 1168 1612 tragoediae
1192 1528 1282 1593 verba
1302 1555 1366 1595 esse

246 1639 397 1702 existimo
421 1638 494 1702 Non
517 1639 599 1702 enim
622 1639 773 1702 intererat
796 1639 871 1722 quid
895 1647 1004 1723 poetae
1028 1641 1060 1704 in
1083 1617 1191 1706 inferis
1215 1642 1361 1726 degentes

246 1757 417 1829 censerent,
441 1751 495 1814 sed
518 1751 593 1834 quid
618 1759 710 1815 antea
734 1751 767 1814 in
791 1750 960 1835 tragoediis
984 1753 1171 1818 docuissent.
1196 1753 1309 1838 Neque
1333 1757 1366 1820 hi

125 1947 129 1952 ⁵
248 1887 353 1930 versus
376 1864 415 1928 ab
438 1864 598 1950 Euripidis
621 1865 706 1949 poesi
728 1864 823 1927 alieni
847 1870 930 1928 sunt.
952 1863 1023 1929 Vid.
1048 1865 1087 1928 ad
1111 1867 1190 1930 Ach.
1217 1870 1291 1930 396.

292 1976 384 2056 Quod
426 1983 532 2040 autem
565 1977 613 2041 his
648 1976 785 2040 versibus
820 1979 985 2062 respondet
1020 1979 1184 2043 consilium
1218 1981 1365 2066 Aeschyli

249 2092 465 2153 1463-1465
496 2089 549 2162 τὴν
580 2097 636 2166 γῆν
667 2091 727 2153 ari.
760 2112 778 2152 a
806 2095 897 2174 poeta
929 2090 1082 2175 Aeschylo
1106 2115 1170 2155 non
1192 2094 1366 2178 profectum

246 2207 301 2281 est,
326 2207 363 2264 ut
385 2200 497 2266 docent
520 2201 643 2264 numeri
661 2201 786 2264 minime
803 2202 922 2285 tragici.
944 2200 1019 2266 Iure
1039 2203 1130 2266 Kock
1145 2208 1363 2269 1460-1466

248 2315 336 2378 uncis
370 2314 507 2378 inclusit.
544 2313 616 2377 Non
651 2320 757 2378 tamen
792 2315 847 2397 qui
882 2315 1000 2399 patriae
1035 2317 1266 2382 amantissimus
1301 2325 1369 2382 erat

249 2426 470 2511 Aristophanes
495 2424 595 2490 verbis
622 2429 705 2489 1459

469 2543 531 2611 πῶς
554 2532 599 2602 οὖν
624 2562 668 2610 τις
692 2537 728 2602 ἂν
751 2538 849 2602 σώσειε
872 2538 1008 2612 τοιαύτην
1032 2541 1115 2604 πόλιν

471 2647 488 2731 ᾖ
512 2652 590 2729 μήτε
611 2658 731 2730 χλαῖνα
754 2650 832 2729 μήτε
854 2651 956 2732 σισύρα
978 2652 1138 2734 συμφέρεις

249 2785 328 2846 quae
351 2763 543 2848 desperantis
566 2770 641 2826 sunt
664 2786 727 2827 non
751 2763 898 2827 salutaria
921 2766 1089 2844 suadentis,
1112 2766 1206 2830 finem
1230 2767 1368 2852 disputa-

249 2875 329 2939 tioni
361 2877 461 2939 lacere
492 2877 608 2960 potuit.
640 2874 712 2940 Sine
743 2875 839 2940 duhio
870 2876 1053 2940 exciderunt
1078 2879 1231 2943 nonnulla
1253 2880 1368 2963 quibus

255 3001 313 3054 vss.
330 2991 548 3052 1460-1466
571 2988 736 3053 substituti
748 2997 831 3053 sunt.
850 2991 883 3053 Si
895 2991 971 3072 quid
981 2992 1081 3069 video,
1096 2993 1228 3056 hocloco
1241 2994 1374 3079 Aeschy-

250 3101 318 3164 lum
349 3124 473 3184 quoque
497 3102 571 3164 fecit
593 3109 684 3186 poeta
707 3104 889 3166 suadentem
914 3102 1033 3167 civibus
1059 3111 1094 3167 ut
1116 3107 1286 3168 sententias
1308 3114 1373 3169 stu-

251 3213 363 3297 diaque
394 3238 451 3278 sua
477 3221 637 3278 mutarent
661 3238 763 3299 neque
787 3239 819 3280 se
842 3216 1020 3280 hominibus
1043 3216 1153 3281 darent
1174 3219 1234 3282 fide
1257 3242 1369 3304 parum

252 3328 363 3411 dignis.
395 3328 545 3392 Salutaris
578 3352 649 3392 eum
674 3330 794 3393 consilii
817 3335 973 3393 auctorem
997 3331 1090 3394 fuisse
1114 3341 1242 3417 apparet
1265 3356 1281 3395 e
1304 3355 1369 3396 ver-

251 3441 299 3505 bis
321 3441 466 3506 Plutonis
489 3466 531 3506 vs.
559 3445 641 3506 1501
667 3465 732 3525 sqq.

363 3554 414 3619 aul
438 3554 512 3634 σῶζε
535 3554 617 3619 πόλιν
641 3556 693 3628 τὴν
718 3556 861 3636 ἡμετέραν
885 3557 1018 3635 γνώμαις
1041 3558 1169 3634 ἀγαθαῖς
1193 3559 1253 3622 κτὲ.

295 3667 368 3731 Non
397 3668 531 3752 amplius
557 3669 639 3730 enim
665 3668 698 3731 in
722 3669 779 3732 hac
803 3677 959 3754 postrema
981 3671 1155 3733 comoediae
1178 3678 1266 3755 parte
1289 3672 1370 3733 iocat

250 3780 485 3865 Aristophanes,
516 3782 569 3844 sed
602 3782 680 3844 serio
711 3782 869 3844 theatrum
899 3781 1036 3865 appellat
1058 3788 1095 3843 ut
1117 3783 1232 3845 iterum
1255 3782 1368 3845 civium

251 3893 409 3957 mentibus
442 3894 617 3957 inculcaret
646 3916 725 3976 quae
753 3895 814 3958 iam
839 3896 1056 3957 enuntiaverat
1079 3896 1111 3958 in
1134 3896 1289 3979 praeclara
1315 3896 1370 3960 illa

250 4007 389 4090 parabasi
413 4030 456 4070 vs.
487 4007 548 4070 718
572 4029 638 4090 sqq.
663 4007 807 4079 πολλάκις
831 4009 862 4086 γ’
886 4009 955 4084 ἡμῖν
980 4004 1073 4081 ἔδοξεν
1096 4009 1157 4072 κτὲ.

256 4225 305 4291 Vs.
332 4221 437 4291 1471.
472 4229 488 4301 ἡ
512 4229 623 4305 γλῶττ’
648 4228 792 4306 ὀμώμοκ’.

296 4339 343 4405 Of.
367 4341 489 4405 Thesm.
515 4342 588 4404 275.
611 4341 808 4426 „Euripides
821 4388 917 4406 .....
941 4341 1042 4405 tribus
1059 4341 1210 4443 'deinceps
1232 4341 1371 4406 versibus

1053 4452 1058 4469 ‘
1218 4453 1244 4495 ιι
