3218 5370
747 643 855 688 uuam.

595 855 603 870 .
630 857 636 870 .
663 857 669 870 .
697 858 703 871 .
728 804 748 870 ὦ
771 810 876 882 τέκνον,
902 806 923 872 ὦ
947 818 1015 890 ποεῖ,

596 971 802 986 .......
826 921 873 997 ἔξε
894 922 917 986 θ’

593 1032 685 1112 ἔξελθ’
708 1032 797 1098 οἴκων·
820 1033 866 1098 ἄϊε
890 1034 1016 1114 μοοσέρος

599 1147 703 1211 κύδάν.

286 1261 374 1340 Quae
405 1283 476 1323 cum
499 1261 589 1324 verba
613 1261 676 1324 sint
700 1260 847 1324 Hecubae
871 1261 965 1324 filiam
990 1261 1179 1345 Polyxenam
1200 1265 1356 1341 vocantis,

242 1398 294 1437 vss·
315 1376 410 1452 1165,
438 1376 522 1436 1166
546 1374 634 1458 patri-
648 1373 816 1457 Strepsiadi
835 1375 939 1458 potins
959 1375 1078 1438 dandae
1090 1382 1164 1438 sunt
1177 1373 1361 1458 (Hermann,

241 1486 371 1565 Teuffel,
401 1485 511 1569 Kock.)
544 1507 637 1568 quam
661 1486 779 1549 Socrati
804 1486 934 1572 (Dind.).
960 1485 1039 1550 Cum
1063 1488 1093 1551 lb
1118 1488 1148 1552 ἰὼ
1172 1487 1268 1552 σε’κνον
1292 1511 1362 1551 con·

242 1598 359 1661 feratur
382 1598 565 1661 exclamatio
590 1595 737 1662 Hecubae
762 1622 804 1662 vs.
832 1602 904 1662 181.

244 1817 297 1882 Vs.
325 1812 429 1887 1167.
669 1819 709 1884 ὅδ’
732 1822 836 1892 ἐκεῖνος
859 1821 939 1900 άνάρ.

287 1931 408 2016 Tragici
442 1934 615 2017 cuiuspiam
650 1934 741 1996 verba
776 1957 840 1997 esse
870 1934 1020 1997 iudicavit
1054 1934 1213 1998 Hermann
1249 1935 1360 1998 collato

244 2043 322 2106 Oed.
347 2043 412 2107 col.
439 2047 511 2107 138.
537 2043 690 2107 Additum
715 2044 900 2109 vocabulum
924 2048 992 2126 άνδρ
1015 2053 1085 2130 post
1109 2045 1151 2110 δ’δ’
1174 2049 1278 2120 ἐκεῖνος
1296 2070 1356 2110 non

245 2163 292 2218 661
316 2179 332 2218 6
355 2157 581 2221 consuetudine
604 2158 684 2221 vitae
707 2159 917 2240 quotidianae.
984 2137 987 2142 .

245 2380 297 2445 Vs.
326 2372 428 2440 1264.
455 2374 475 2441 ὦ
498 2380 602 2459 σκλκρὲ
626 2378 742 2455 δκῑμον,
766 2375 787 2442 ὦ
809 2379 902 2458 ου’χοκ
927 2379 1140 2459 θραυσάντυγες

454 2490 548 2556 ἵππων
570 2494 656 2570 ἐμῶν·
682 2488 702 2555 ὦ
726 2487 874 2566 Ποικκάς,1
889 2491 925 2564 ὥς
949 2494 983 2569 μ’
1007 2493 1174 2564 άσάλεσοος.

289 2606 389 2670 Schol.
420 2605 495 2668 Rav.
527 2613 558 2669 et
581 2604 660 2669 Ven.
686 2609 796 2670 Τοοῦσκ
820 2605 985 2676 Ξενοκλέους
1010 2605 1087 2669 ἐστὶν
1110 2607 1141 2669 ἐκ
1166 2610 1216 2668 σοῦ
1240 2614 1360 2683 Λικυμ-

245 2720 310 2783 νίου.
335 2719 455 2795 λέγεται
475 2718 505 2782 δὲ
530 2720 579 2782 ὑπ’
602 2721 777 2795 Ἀλκμάνκς
801 2718 957 2795 Λικύμνιον
980 2719 1143 2793 τεάννκέννον
1164 2721 1217 2784 ὑπὸ
1236 2729 1359 2790 Τληπο-

245 2830 346 2908 λέμου.
379 2829 424 2892 Of.
452 2829 574 2893 Nauck.
599 2853 629 2915 p.
655 2833 728 2895 597.
753 2831 969 2916 Tlepolemum
992 2833 1225 2916 imprudentem
1248 2831 1360 2896 baculo

246 2942 452 3026 Licymnium,
484 2943 610 3006 fratrem
638 2943 815 3020 Alcmenae,
838 2944 1028 3008 interfecisse
1052 2950 1145 3008 testes
1168 2951 1243 3008 sunt
1264 2945 1361 3009 Hom.

246 3055 286 3118 Il.
322 3054 357 3118 ΙΙ
392 3058 465 3132 662,
496 3053 586 3117 Pind.
618 3054 668 3118 Ol.
702 3054 767 3117 VH
801 3059 838 3121 27
873 3077 937 3139 sqq.
971 3057 1076 3141 Apoll.
1106 3055 1142 3119 11
1174 3060 1205 3120 cl.
1231 3060 1260 3136 5,
1286 3061 1307 3120 4
1330 3063 1361 3118 61
1467 3104 1469 3110 .

247 3172 277 3231 8.
304 3171 333 3247 2,
359 3171 388 3230 2.

288 3282 324 3344 Si
346 3281 440 3343 huius
463 3281 571 3344 scholii
594 3282 772 3344 testimonio
791 3281 866 3344 fides
885 3281 1027 3345 habenda
1039 3289 1096 3360 661,
1108 3304 1210 3364 neque
1223 3280 1362 3361 θρκυσάυ-

246 3418 335 3472 τυνες
365 3415 466 3475 neque
490 3391 584 3456 ἵππων
608 3417 625 3456 a
647 3393 764 3477 tragico
789 3393 961 3477 profectum
985 3400 1041 3456 est.
1066 3393 1126 3458 Pro
1150 3391 1245 3455 ἵππων
1268 3391 1357 3455 Κου1(

247 3508 342 3583 δόμων
376 3529 448 3569 eum
482 3507 636 3591 scripsisse
668 3506 851 3589 suspicatur,
882 3505 1046 3585 Εὐφρόνιος,
1080 3505 1123 3568 616
1151 3504 1254 3588 pergit
1281 3504 1363 3567 idem

248 3619 427 3698 Scholiasta,
463 3619 545 3698 ποορά
575 3625 710 3684 Ξενοκλεῖ
733 3623 822 3696 φησιν
852 3612 921 3679 οἴνου
953 3618 985 3679 τὸ
1015 3616 1231 3695 χρυσάμπυκες
1267 3617 1359 3701 (χρυ-

247 3731 412 3810 σάμπυχες
435 3730 548 3816 11611),
573 3728 606 3804 ἐξ
625 3725 657 3794 οὗ
675 3730 927 3810 πκρκσεσοιῆσθκν
946 3730 978 3792 τὸ
1001 3727 1223 3808 θρκυσάνσυγες.
1244 3728 1363 3818 Verum

248 3846 325 3929 quid
348 3847 409 3909 sint
432 3844 525 3923 τύχοι
548 3843 763 3924 χρυσάμπυκες
786 3864 886 3921 nemo,
912 3842 1028 3926 opinor,
1054 3842 1143 3905 facile
1167 3840 1290 3905 docebit
1312 3863 1364 3905 ne·

249 3981 309 4041 que
332 3957 407 4040 quid
431 3955 568 4034 άμκυκες
591 3978 661 4018 cum
684 3953 838 4037 Licymnii
862 3959 960 4017 morte
983 3954 1119 4017 babeant
1140 3975 1312 4017 commune.

293 4070 396 4132 Aliam
434 4069 590 4151 ingressus
630 4075 676 4130 est
706 4067 786 4129 viam
816 4065 977 4128 Hermann
1009 4066 1042 4128 in
1074 4066 1121 4129 ed.
1153 4065 1239 4129 Nub.
1273 4064 1362 4144 Quae

249 4189 353 4246 narrat
384 4180 555 4243 Scholiasta
580 4179 618 4242 de
641 4178 800 4263 Licymnio
829 4179 900 4241 ficta
923 4179 1080 4242 existimat
1103 4186 1135 4242 et
1159 4179 1244 4257 falsa,
1270 4178 1360 4260 eique
1466 4171 1468 4175 ¹

249 4294 395 4358 videntur
417 4316 475 4356 vss.
503 4295 586 4355 lact
610 4300 641 4355 et
666 4295 749 4355 1265
774 4313 812 4355 ex
835 4292 939 4374 aliqua
963 4291 1122 4374 tragoedia
1143 4290 1276 4354 desumti
1298 4313 1363 4355 6666

249 4408 309 4486 „in
340 4428 402 4489 qua
423 4407 467 4469 116
490 4404 667 4469 clamitabat
690 4405 803 4488 aliquis
826 4404 878 4467 cui
901 4427 1010 4468 currus
1033 4427 1087 4488 per
1110 4401 1286 4488 Tlepolemi
1312 4402 1362 4466 vel
