3218 5370
744 596 858 639 RANAE.

285 757 333 820 Ib.
362 760 423 820 169
448 779 525 841 sqq,
553 761 615 823 178
640 781 705 842 sqq.
730 753 751 822 οἶ
774 760 840 832 Zau,
866 762 937 832 Ἰοῦς
962 763 991 824 ἰὼ
1016 763 1075 825 κτὲ.

288 869 335 933 11).
363 874 425 935 890
451 892 529 954 sqq„
554 874 617 934 899
640 894 706 954 sqq.
731 878 777 950 μοῖ
801 878 844 935 rat
868 878 914 950 μοῖ
939 877 982 936 rat
1004 875 1065 937 κτὲ.

284 983 376 1048 Eum.
402 987 465 1047 896
490 1006 568 1068 sqq„
594 987 655 1048 341
681 1007 746 1068 sqq.
771 986 818 1050 ἐντὶ
842 987 872 1050 δὲ
896 988 935 1066 τῷ
960 987 1103 1068 τεθυμένῳ
1129 989 1189 1051 κτὲ.

285 1096 369 1182 Sept.
395 1098 458 1161 975
482 1121 559 1182 sqq„
586 1102 649 1162 986
674 1121 740 1183 sqq.
766 1101 810 1163 Ἰὼ
835 1108 933 1180 Maipa
955 1100 1144 1180 βαρυδότειρα
1166 1103 1227 1166 κτὲ.

286 1211 526 1297 Aristophanem
550 1212 786 1297 ephymniorum
808 1235 900 1275 usum
920 1212 1108 1297 improbasse
1125 1215 1252 1277 minime
1272 1237 1358 1279 cvss.

244 1325 327 1384 1264
357 1345 423 1406 sqq.
455 1325 608 1407 sequitur,
638 1325 675 1388 cl.
702 1325 780 1388 Ran.
806 1327 880 1403 398,
905 1329 980 1403 169,
1005 1329 1080 1403 408,
1104 1329 1179 1390 413.
1204 1326 1264 1389 Sed
1287 1350 1358 1390 eum

241 1457 303 1497 non
333 1436 456 1520 fugerat
479 1459 594 1500 nexum
618 1437 766 1500 orationis
789 1438 821 1500 in
846 1437 993 1522 Aeschyli
1017 1437 1205 1502 carminibus
1230 1440 1360 1503 choricis

240 1569 329 1631 saepe
361 1548 487 1611 minime
517 1549 659 1613 lucidum
692 1572 766 1627 esse,
799 1556 831 1612 01
859 1556 983 1634 poetam
1015 1550 1092 1613 mira
1115 1550 1273 1614 interdum
1298 1551 1360 1614 dic·

239 1659 324 1722 tione
348 1660 396 1723 uti
420 1663 458 1744 (v.
483 1683 508 1723 c.
533 1664 567 1724 in
592 1661 793 1741 111οκκρβῖοό
819 1663 913 1725 οούδόον
936 1655 976 1734 εὖ,
1002 1668 1054 1740 yut,
1075 1664 1212 1749 κοννεῖς.)
1242 1672 1273 1727 01
1298 1687 1359 1728 cre-

241 1771 409 1836 berrimum
434 1797 499 1838 esse
522 1775 555 1837 in
578 1774 741 1858 particulis
763 1775 799 1847 11,
825 1775 855 1838 ἰόν
879 1774 1076 1859 usurpandis.

248 1996 297 2062 Vs.
323 1991 427 2060 1966.
465 2000 578 2079 Ἑρμοῖν
602 2001 656 2077 μὲν
679 1999 813 2079 πρόγονον
835 1999 934 2076 τίομεν
957 1998 1040 2075 γένος
1064 1997 1170 2079 οἱπερὶ
1194 1998 1310 2076 λίμνκν.

187 2191 189 2193 μ
287 2111 391 2175 Schol.
414 2112 525 2175 ἐκτῶν
548 2111 703 2190 Αἰσχύλον
727 2116 936 2191 Ψυχκνωνῶν.
964 2111 1069 2175 Schol.
1090 2109 1178 2174 Cant.
1199 2111 1302 2175 addit:
1323 2113 1356 2175 τδ
1412 2106 1415 2111 ’

243 2225 274 2287 δὲ
297 2225 410 2306 Ἑρμόον
434 2225 489 2302 μὲν
513 2224 611 2301 τίομεν
635 2224 767 2301 λέγουσιν
791 2221 814 2288 οἱ
837 2225 980 2304 Ἀρκόδες
992 2271 1085 2286 .....
1108 2224 1217 2300 λόμνοον
1237 2223 1358 2302 δὲλὲνεν

242 2337 295 2410 τὴν
318 2337 540 2418 Στυμφαλίδοο,
563 2337 592 2400 ε’ν
615 2337 759 2419 Ἀρκοοδόρι
782 2336 839 2416 μοὶρ
862 2336 912 2400 sal
935 2333 1021 2409 κότκ.
1046 2335 1096 2400 Fr.
1123 2339 1183 2399 971
1209 2337 1248 2399 D.

287 2448 412 2513 Errasse
443 2449 529 2512 hunc
559 2447 754 2512 scholiastam
786 2447 923 2511 ostendit
955 2447 1064 2510 Valok.
1097 2448 1198 2513 Diatr.
1222 2471 1252 2532 p.
1279 2451 1361 2512 286:

243 2560 425 2646 „Aeschylo
456 2566 676 2644 argumentum
701 2565 900 2639 Ψνχκνωνῶν
924 2559 1054 2623 Homeri
1078 2560 1222 2644 praebuit
1246 2558 1358 2624 Νὲκνικ

244 2681 366 2756 „atque
398 2674 458 2738 ista
488 2674 622 2737 Tiresiae
649 2672 741 2736 verba
765 2674 812 2756 (fr.
839 2676 901 2736 969
927 2671 980 2750 Ν,
1006 2675 1068 2737 976
1093 2672 1145 2757 D.)
1168 2674 1298 2737 luerunt
1321 2675 1360 2736 ad

244 2785 423 2869 „Ulyssem
454 2786 509 2868 qui
538 2792 681 2849 mortuus
704 2793 750 2848 est
773 2782 992 2858 anavaoaaa‘gf'
1016 2784 1096 2848 (lum
1120 2792 1224 2849 autern
1248 2787 1281 2849 in
1305 2787 1361 2849 Ar-

243 2898 330 2962 cadia
371 2898 410 2961 ad
443 2897 672 2982 Stymphalium
706 2898 809 2961 lacum
844 2898 968 2961 nullum
1001 2898 1097 2961 fuerit
1132 2891 1359 2976 νὲκνομκντεῐον,

244 3011 410 3075 verisimile
431 3011 467 3074 fit
489 3009 581 3074 verba
606 3012 719 3089 Ἑρμοῖν
742 3011 803 3076 κτὲ.
828 3033 892 3074 000
915 3010 954 3074 ab
979 3011 1136 3074 Arcadum
1160 3011 1214 3075 sed
1236 3034 1254 3074 a
1277 3010 1361 3074 Cim-

243 3125 410 3213 meriorum
434 3124 525 3189 choro
547 3125 668 3210 prolata
690 3146 765 3188 essa.

244 3347 297 3412 Vs.
324 3341 428 3411 1979.
464 3347 575 3411 κύδιστ’
595 3349 730 3425 Ἀχκνῶν
746 3346 872 3426 Ἀτρέως
884 3346 1070 3426 τολνκοόρκνε
1081 3345 1210 3423 μόνόοονέ
1222 3371 1278 3424 μον
1293 3356 1358 3411 aar.

288 3459 390 3523 Schol.
414 3460 452 3524 R.
476 3461 508 3523 ἕκ
532 3459 674 3540 Τηλέφου
694 3458 857 3538 Αἰσχύλον.
880 3458 1361 3539 801101.1100.Ἀρίοτκρχοςκκὶ

243 3572 439 3644 Ἀπολλώνιος
461 3571 660 3651 ἐτνσκόῲκτόε
691 3571 773 3635 τόόεν
805 3571 866 3634 εἰσί.
899 3571 1085 3649 Τνμκχίδκς
1109 3571 1139 3634 δὲ
1162 3571 1194 3634 ε’κ
1219 3571 1361 3652 Τηλέφου

244 3683 407 3764 Αἰσχύλον.
439 3684 666 3757 Ἀσκλκτνόδνς
689 3683 720 3746 δὲ
744 3681 777 3756 ἐξ
800 3682 987 3763 Ἰφννενεόκς
1013 3682 1064 3745 Fr.
1090 3684 1153 3745 931
1177 3682 1230 3760 Ν,
1257 3686 1297 3746 99
1322 3683 1360 3745 D.

243 3795 347 3860 Litem
378 3797 522 3860 dirimere
547 3818 609 3885 non
632 3818 805 3880 possumus.
831 3795 1013 3880 Suspicatus
1038 3803 1084 3858 est
1108 3795 1248 3859 Fritscho
1270 3794 1363 3859 verba

244 3910 435 3994 Asclepiadis
462 3909 500 3972 ad
523 3934 566 3973 vs.
596 3910 680 3973 1913
703 3908 864 3972 referenda
888 3932 962 3988 esse,
987 3908 1060 3991 quia
1082 3909 1116 3971 in
1140 3908 1249 3972 scholii
1272 3909 1363 3972 initio

244 4022 283 4085 de
306 4028 439 4105 utroque
461 4023 529 4085 loco
557 4022 659 4106 (τόόεν
682 4022 755 4107 εἰσί)
782 4021 895 4105 agitur,
916 4043 996 4104 quae
1015 4028 1119 4083 tamen
1139 4020 1231 4083 nimis
1244 4020 1362 4085 incerta

244 4140 292 4197 est
321 4135 508 4198 coniectura.
539 4135 590 4197 An
619 4135 654 4197 in
682 4133 818 4218 Telepho
841 4133 988 4217 Aeschyli
1009 4133 1235 4216 Agamemnoni
1259 4141 1362 4218 partes

242 4246 361 4311 fuerint
387 4269 451 4311 non
474 4247 576 4330 liquet
599 4268 670 4309 cum
692 4253 914 4330 argumentum
938 4245 1085 4308 dramatis
1106 4268 1170 4309 uon
1193 4268 1355 4330 cognosca-

245 4381 324 4424 mus
354 4359 428 4425 Non
455 4361 516 4424 nisi
548 4366 595 4424 1οτ
618 4368 817 4439 memoratur,
841 4383 859 4422 a
881 4358 1062 4423 Timachida
1091 4359 1122 4422 h.
1145 4359 1178 4436 l.,
1202 4359 1240 4422 ab
1264 4361 1362 4443 Hesy-
