3218 5370
676 636 930 681 EGOLESIAZUSAE.

244 810 297 875 Vs.
324 805 379 874 79.
649 813 807 886 ἐπιτήδειός
831 813 862 891 γ’
885 812 921 877 θον
945 809 978 887 ήν

443 923 495 995 τήν
519 928 569 988 τοῦ
594 924 748 989 Πανθπτου
773 926 908 1005 διφθέραν
932 926 1095 1003 ἐνημμένος

442 1033 518 1115 είπερ
540 1060 585 1107 τις
608 1035 698 1109 ν’ίλλος
722 1037 870 1114 βουκολεῖν
893 1039 926 1101 τὸ
952 1038 1064 1115 δήμιον.

290 1148 391 1212 Sohol.
415 1155 537 1232 praeter
561 1147 637 1213 Rav.
661 1149 799 1230 θναφέρει
824 1151 855 1214 δέ
877 1156 977 1214 τοῦτον
1006 1150 1090 1235 (scil.
1115 1152 1163 1215 τὸν
1187 1152 1365 1239 Πανόπτην)

243 1260 293 1324 ἐπὶ
322 1263 370 1325 τὸν
399 1261 480 1341 παρα
511 1267 663 1341 Σοφοκλεῖ
688 1264 717 1325 ἐν
739 1263 848 1342 Ἰνοίχῳ
873 1260 992 1342 Ἄργον.
1019 1262 1120 1326 Schol.
1145 1263 1221 1329 Rav.
1245 1266 1288 1328 ad
1313 1268 1365 1330 81.

245 1374 396 1450 βουκολεῖν
419 1373 449 1438 δὲ
473 1377 510 1445 ὠς
533 1374 586 1446 τήν
608 1376 655 1437 Ἰὼ
679 1375 692 1437 ὁ
716 1373 827 1455 ’Ἄργος
851 1377 879 1438 ἐν
904 1375 1012 1456 Ἰνοίχῳ
1036 1382 1114 1458 Σοφ.
1140 1378 1184 1439 At
1206 1400 1269 1441 non
1289 1401 1367 1463 opus

247 1493 294 1549 est
312 1493 450 1549 statuere
465 1487 705 1572 Aristophanem
718 1488 803 1551 huno
817 1490 938 1571 Argum
951 1511 967 1551 e
979 1489 1140 1572 tragoedia
1152 1490 1364 1573 depromsisse.

244 1709 297 1772 Vs.
325 1702 404 1770 110.
440 1709 489 1772 καί
515 1713 576 1779 πῶς
600 1713 742 1786 γυναικῶν
765 1709 916 1790 θηλύφρων
939 1707 1073 1784 ξυνουσία

442 1820 654 1901 δημηγορήσεις

287 1933 388 1997 Schol.
412 1934 466 2016 qui
491 1936 522 1998 ἐκ
545 1933 709 2014 τραγῳδίας
732 1939 817 1999 τοῦτο
841 1935 1002 1997 annotavit
1026 1942 1134 1998 utrum
1159 1936 1304 2021 parodiae
1325 1959 1364 2000 an

243 2045 493 2129 paratragoediao
517 2046 591 2109 haec
614 2045 787 2109 debeantur
810 2069 873 2110 non
898 2048 1018 2110 novisse
1042 2027 1176 2112 iridetur.
1203 2048 1366 2129 Θηλθφρων

243 2153 376 2228 ξυνουσία
400 2164 437 2219 ut
461 2157 603 2230 θηλύπους
628 2159 717 2235 βασις
740 2158 811 2242 Iph.
832 2160 905 2223 Aul.
928 2163 990 2223 421
1013 2166 1045 2223 et
1064 2160 1262 2241 γυναικίφρυν
1277 2162 1366 2238 θυμός

244 2268 280 2331 ir.
306 2267 382 2331 Eur.
407 2269 555 2333 Erechth.
581 2271 644 2332 364
668 2290 711 2333 vs,
737 2272 788 2333 34.

128 2524 132 2533 =
242 2489 295 2555 Vs.
322 2484 401 2553 236.
437 2491 586 2571 χρήματα
608 2491 727 2572 πορίζειν
750 2494 946 2573 εὐπορώτατον
968 2494 1052 2571 γυνή.

286 2603 434 2667 Imitatur
458 2605 586 2667 fortasse
605 2605 736 2669 alieuius
757 2612 867 2691 poetae
885 2629 1007 2670 versum
1026 2607 1060 2670 in
1073 2629 1135 2690 quo
1148 2630 1203 2692 pro
1215 2608 1364 2687 χρηματα

240 2740 268 2781 υ.
292 2740 318 2782 o.
343 2717 442 2797 πίρους
466 2719 617 2802 seriptum
641 2725 716 2783 erat.

243 2940 296 3006 Vs.
322 2933 402 3002 325.
440 2944 471 3005 οὐ
496 2941 553 3022 γοίρ
577 2944 639 3006 ποθ’
664 2941 742 3020 ὑγιές
766 2941 844 3006 οὐδὲν
869 2940 1039 3017 ἐξελήλυθεν

441 3052 583 3132 δροίσουσ’.
609 3051 687 3131 ὅμως
711 3053 737 3118 δ’
761 3049 807 3118 οὖν
831 3056 909 3118 ἐστιν
932 3054 1152 3127 ἀποπατητέον.

286 3165 400 3229 Nauck
423 3189 454 3250 p.
482 3169 561 3230 658:
585 3164 775 3244 „Videntur
799 3167 976 3250 tragoediae
1000 3189 1065 3229 esse
1088 3189 1213 3230 versus:
1239 3168 1360 3230 οῖποπα-

241 3279 370 3355 ,,τητέον
393 3301 449 3363 pro
473 3278 656 3358 καρτερητέον
681 3279 904 3364 Aristophanes
928 3277 1123 3343 substituit.''

242 3499 295 3565 Vs.
322 3492 403 3561 369.
440 3494 461 3561 ὦ
484 3498 575 3562 πότνι’
600 3499 753 3562 Εἰλείθυια.

285 3612 433 3675 Mensura
456 3611 582 3695 tragica.
609 3611 653 3674 Of.
679 3611 751 3696 Lys
776 3612 848 3676 742.
871 3611 930 3675 Sed
951 3634 1049 3696 genus
1069 3617 1192 3674 tanturn
1212 3612 1361 3694 loquendi

240 3724 438 3807 tragicorum,
464 3746 526 3786 non
546 3733 666 3786 certum
688 3724 822 3786 alieuius
844 3730 954 3808 poetae
973 3746 1095 3787 versum
1116 3724 1268 3800 imitatur,
1289 3747 1362 3787 narn

240 3837 409 3918 quominus
440 3835 603 3918 sequentia
627 3835 668 3912 μή
694 3835 885 3915 μεπεριίδης
909 3836 1085 3918 tragoediae
1110 3834 1286 3899 tribuamus
1311 3836 1362 3900 ob·

239 3955 301 4013 stat
324 3949 446 4025 hiatus3
468 3948 505 4011 of.
531 3947 616 4010 Pors.
643 3947 682 4009 ad
704 3946 787 4011 Med.
814 3950 887 4010 284.

239 4172 293 4238 Vs.
318 4165 400 4234 392.
436 4171 600 4249 Ἀντίλοχ’,
625 4168 792 4248 νίποίμισξθν
815 4195 854 4248 με
877 4177 928 4235 τοῦ
951 4171 1106 4252 τριυβίλου

439 4284 487 4347 τὸν
511 4281 608 4362 ζῶντα
631 4288 756 4359 μοῖλλον.

285 4397 387 4461 Schol.
410 4394 492 4474 παροδ
509 4394 542 4457 τδ
565 4391 598 4466 ἐξ
620 4393 774 4473 Αἰσχύλου
795 4394 1008 4475 Μυρμιδθνυνο
