3218 5370
320 647 381 690 VIII
761 649 945 694 centenno·

298 813 424 898 Bergkii
441 813 575 877 editione
594 815 696 877 tertia.
714 813 960 898 Nonnumquam
979 815 1036 879 sub
1058 839 1121 880 uuo
1140 817 1288 882 lemmate
1316 821 1423 905 plures

300 928 443 1012 copulavi
472 929 564 1004 locos,
597 950 624 991 v.
646 952 671 992 c.
700 927 793 991 verba
822 927 984 1012 Euripidis
1016 929 1094 991 Ach.
1119 933 1307 1010 dee-479,
1331 935 1425 998 verba

299 1040 528 1126 Dicaeopolidis
552 1041 593 1104 ib.
618 1044 805 1117 loc-mu,
829 1064 935 1105 versus
958 1041 1031 1105 Pac.
1058 1043 1108 1122 76,
1130 1046 1182 1120 58,
1200 1046 1240 1105 62
1254 1050 1286 1107 et
1298 1045 1420 1109 similia.

343 1154 506 1234 Quantum
525 1155 614 1238 potui
633 1177 757 1239 operam
777 1153 846 1218 dedi
868 1161 905 1217 ut
923 1177 959 1218 ea
971 1177 1055 1238 quae
1070 1178 1088 1218 a
1101 1157 1173 1220 viris
1186 1157 1285 1221 doctis
1301 1158 1339 1220 de
1347 1159 1423 1222 locis

300 1289 317 1327 a
340 1289 389 1329 me
411 1266 514 1330 allatis
537 1268 652 1351 scripta
675 1274 778 1330 essent
795 1289 1012 1350 cognoscerem
1032 1290 1202 1351 eorumque
1223 1271 1350 1333 nomina
1368 1269 1422 1333 ubi

299 1402 376 1465 opus
407 1387 473 1443 erat
503 1380 645 1443 indicavi.
676 1380 720 1442 At
751 1381 783 1444 in
814 1381 871 1444 tali
905 1380 1056 1444 librorum
1080 1383 1167 1465 copia
1186 1381 1267 1445 nihil
1291 1389 1423 1467 praeter-

300 1495 423 1557 mittere
449 1492 616 1557 admodum
650 1492 775 1557 difficile
799 1501 856 1572 cst·‚
881 1500 912 1556 et
936 1494 961 1557 si
981 1495 1061 1557 forte
1084 1495 1160 1557 mihi
1184 1495 1299 1559 accidit
1322 1502 1360 1558 ut
1385 1495 1422 1559 de

299 1608 458 1671 nonnullis
488 1608 639 1670 tacuerim
668 1630 801 1690 quorum
832 1608 991 1692 opiniones
1015 1607 1186 1671 afferendae
1210 1609 1343 1671 fuissent
1368 1616 1423 1671 aut

299 1728 458 1804 tamquam
488 1743 556 1783 mea
579 1721 761 1805 protulerim
789 1743 867 1803 quae
891 1720 953 1782 iam
982 1720 1020 1783 ab
1043 1720 1112 1782 aliis
1135 1726 1238 1783 essent
1261 1728 1421 1804 occupata,

299 1833 430 1897 lectores
454 1833 530 1896 mihi
552 1834 710 1916 ignoscere
733 1833 843 1897 velint.

345 1946 492 2031 Superest
520 1953 557 2008 ut
587 1946 702 2029 gratias
730 1967 819 2029 agam
849 1945 923 2007 viris
953 1944 1030 2007 mihi
1054 1944 1261 2024 amicissimis,
1285 1943 1423 2008 Henrico

300 2082 359 2122 van
388 2057 587 2134 Herwerden,
618 2059 672 2140 qui
696 2057 772 2120 mihi
794 2058 828 2120 in
852 2057 909 2120 hoc
931 2057 1081 2140 opusculo
1107 2055 1326 2120 conscribendo
1352 2079 1421 2120 con·

298 2173 375 2236 siliis
398 2173 520 2256 saepius
543 2171 654 2248 adfuit,
674 2177 706 2233 et
724 2169 884 2233 Ludovico
904 2170 934 2232 J.
956 2169 1080 2248 Morell,
1093 2171 1149 2253 qui
1161 2193 1282 2234 meeum
1296 2170 1418 2234 curavit

298 2309 338 2349 ne
362 2285 473 2349 menda
494 2284 717 2369 typographica
740 2284 872 2347 lectores
897 2282 1098 2346 offenderent.

343 2398 386 2462 Et
415 2400 477 2461 iam
507 2399 540 2461 in
571 2398 750 2462 concionem
780 2397 925 2481 prodiens
958 2395 1012 2459 ubi
1045 2401 1094 2458 tot
1123 2396 1269 2477 tantique
1301 2395 1360 2457 viri
1384 2394 1422 2458 de

299 2513 398 2578 literis
428 2512 553 2576 Graecis
581 2512 703 2595 egregie
734 2511 838 2574 meriti
860 2509 953 2573 verba
975 2509 1126 2588 fecerunt,
1153 2530 1257 2572 meum
1281 2508 1361 2570 facio
1385 2508 1423 2570 il-

301 2626 358 2690 lud
380 2625 528 2711 Telephi:

501 2803 544 2878 μή
568 2824 617 2878 μοι
640 2798 809 2880 clesdune,
839 2795 936 2874 ἄνδρες
961 2797 1109 2870 Ἑλλήνων
1133 2793 1220 2875 ἄκροι.

345 2975 480 3040 Videant
509 2975 556 3038 illi
587 2997 626 3037 an
656 2972 789 3036 alicuius
820 2970 970 3034 momenti
1000 2970 1063 3033 sint
1086 2991 1165 3052 quae
1191 2967 1303 3051 collegi
1325 2957 1420 3049 atque

301 3091 455 3155 annotavi.
488 3088 576 3168 Quae
605 3094 712 3150 tamen
741 3107 829 3170 spero
852 3085 917 3148 fore
939 3091 977 3148 ut
999 3081 1170 3147 lectoribus
1195 3081 1334 3145 subsidio
1358 3081 1421 3142 sint

301 3205 340 3268 ad
363 3202 552 3268 nobilissima
575 3199 687 3263 veteris
708 3198 775 3262 aevi
798 3204 1000 3262 monumenta
1022 3196 1135 3259 melius
1160 3193 1384 3277 intellegenda.

367 3438 444 3487 Scrib.
463 3453 544 3487 mense
562 3434 679 3484 Ianuario
699 3432 773 3485 1877.
