3218 5370
311 590 353 650 34
775 608 916 666 scurras.

288 785 342 850 Vs.
368 779 448 848 836.
474 779 494 847 ὦ
518 787 607 846 πᾶσιν
629 785 784 863 ἀνθρώποις
807 785 913 864 φανεὶς
936 786 1075 863 μέγιστον
1098 789 1256 869 ὠφέλημα.

227 935 230 938 >
334 923 362 962 v.
395 896 591 975 Herwerden,
623 895 712 960 Stud.
743 895 819 960 Orit.
852 899 884 960 in
912 907 994 983 poet.
1027 923 1068 963 sc.
1101 901 1155 964 Gr.
1180 925 1210 986 p.
1237 905 1275 966 50
1300 905 1408 968 docuit

289 1015 322 1077 in
346 1013 449 1076 codice
475 1010 676 1074 Ambrosiano
699 1011 848 1095 scriptum
872 1034 937 1075 esse
958 1014 1046 1077 κοινὸν
1067 1013 1226 1094 ὠφέλημα,
1252 1016 1408 1099 quodres-

289 1127 406 1211 pondet
428 1126 466 1188 iis
490 1147 570 1207 quae
590 1123 760 1187 Scholiasta
778 1125 811 1187 in
831 1125 985 1209 strophico
1005 1148 1095 1189 versu
1118 1128 1179 1189 756
1200 1126 1312 1213 legisse
1325 1131 1407 1193 vide·

290 1246 360 1302 tur:
386 1235 422 1301 ὧν
445 1238 468 1301 οἱ
491 1237 545 1313 μὲν
568 1243 643 1316 τρεῖς
662 1235 853 1315 ἀσυνάρτητοι
872 1234 906 1310 ἐξ
925 1237 1068 1314 iactitat&
1089 1239 1406 1318 διμέτρουᾶκαταλήκ-

292 1376 383 1415 του..
400 1399 428 1413 ..
461 1348 514 1413 καὶ
545 1351 701 1428 τροχοεῖκοῦ
732 1349 932 1428 ἰθυφαελλικοῦ.
968 1347 1176 1414 Confirmatur
1207 1351 1297 1416 lectio
1320 1356 1407 1418 κοινὸν

292 1464 359 1527 loco
384 1461 537 1546 Aeschyli,
561 1460 664 1524 Proin.
691 1464 753 1523 614
777 1468 840 1543 quo
864 1461 1088 1546 Aristophanes
1111 1465 1261 1548 respexit:

551 1594 571 1660 ὦ
594 1599 680 1662 κοινὸν
703 1597 852 1678 ὠφέλημαι
876 1600 1015 1671 θνητοῖσιν
1039 1600 1150 1678 maccla

337 1734 411 1798 Non
442 1735 596 1798 consentit
626 1734 681 1816 qui
704 1733 777 1796 huic
800 1734 903 1820 versui
925 1736 988 1796 836
1012 1735 1148 1798 scholion
1170 1737 1333 1798 metricum
1357 1736 1407 1798 ad·

292 1846 423 1930 scripsit.
448 1845 618 1908 Contendit
640 1845 693 1908 ille
716 1868 774 1909 vss.
800 1848 972 1909 836-910
999 1869 1103 1910 ornnes
1122 1853 1317 1910 tetrametros
1334 1847 1406 1909 iorn-

291 1957 374 2048 bicos
404 1956 597 2020 catalecticos
621 1981 695 2020 esse.
719 1957 887 2021 Manifesto
911 1981 1021 2021 errore.
1047 1961 1113 2021 Aut
1136 1958 1238 2022 codice
1261 1982 1336 2022 usus
1360 1966 1407 2022 est

289 2072 323 2134 in
357 2093 419 2154 quc
455 2071 546 2133 metri
578 2093 670 2133 causa
700 2094 759 2134 rss.
793 2073 855 2136 837
890 2078 921 2133 et
945 2075 1007 2135 838
1032 2094 1156 2155 quoqne
1179 2074 1293 2134 mutati
1318 2079 1406 2135 erant

289 2191 345 2246 aut
375 2183 450 2246 alias
481 2207 528 2246 res
559 2185 663 2267 agenti
693 2185 833 2247 fraudem
857 2186 997 2248 fecerunt
1021 2209 1064 2248 vs.
1090 2188 1162 2264 836,
1188 2186 1242 2249 ubi
1266 2186 1405 2262 μέγιστον

288 2296 375 2380 legit,
401 2302 432 2358 et
453 2320 497 2359 vs.
523 2299 585 2359 839
612 2318 676 2379 sqq.
702 2296 749 2359 Cf.
775 2297 852 2360 Ach.
878 2300 951 2360 881.

194 2526 195 2530 ¹
289 2533 343 2597 Vs.
369 2527 449 2597 970.
717 2530 791 2594 ὑπαὶ
817 2531 973 2612 πτερύγων.

332 2644 404 2708 via.
430 2644 468 2707 aa
492 2646 548 2706 nv.
577 2646 670 2706 racc.
788 2720 791 2727 Ι

287 2879 341 2942 Vs
368 2872 450 2942 973.
611 2864 612 2867 ¹
664 2875 777 2950 ἥδιστον
794 2875 879 2956 'moloc
902 2875 1014 2955 ἡμέρας

665 2987 747 3051 ἔσται
771 2989 830 3052 uri.

331 3127 432 3191 Schol.
464 3132 560 3190 ταῦτα
593 3127 623 3189 δὲ
654 3127 734 3205 παρὰ
764 3125 804 3188 τὰ
834 3125 994 3204 Εὐριπίδου.
1021 3127 1073 3187 An
1096 3147 1201 3187 verum
1227 3126 1268 3187 sit
1289 3132 1321 3187 et
1343 3146 1405 3206 qno

285 3239 441 3322 pertineat
475 3237 638 3300 nesciinus.
672 3236 713 3299 N.
745 3244 776 3299 et
809 3236 848 3298 D.
881 3238 913 3299 in
945 3237 1126 3319 fragmentis
1147 3235 1184 3298 de
1209 3237 1267 3298 hoc
1290 3236 1404 3298 scholio

286 3350 364 3415 nihil
389 3356 628 3413 annotaverunt.

284 3570 338 3632 Vs.
371 3563 472 3630 1056.
499 3570 550 3632 καί
570 3594 603 3632 κε
624 3569 697 3646 yvch
720 3568 799 3648 Φέροι
822 3568 924 3647 ἄχθος,
949 3569 1012 3632 ἐπεί
1032 3594 1080 3633 κεν
1104 3569 1173 3648 ἀνὴρ
1196 3569 1310 3647 altataria

496 3681 566 3743 ἀλλ’
591 3683 643 3744 οὐκ
665 3679 701 3743 ἂν
726 3680 907 3759 μαχέσαιτο.

324 3816 416 3880 Teste
441 3817 612 3880 Scholiasta
632 3840 648 3879 e
668 3839 764 3901 parva
785 3816 893 3879 Iliade.
908 3816 1143 3899 Colloquuntur
1158 3817 1293 3901 virgines
1305 3817 1408 3881 Troia·

282 3952 339 3993 nae
363 3930 401 3992 de
420 3929 530 4013 Ulysse
552 3935 583 3992 et
595 3930 699 3992 Aiace.
714 3929 823 3992 Altera
835 3931 961 3993 Aiacem
973 3930 1120 3994 laudibus
1135 3931 1221 3994 effert
1234 3931 1289 4014 qui
1303 3931 1409 3994 Achil-

282 4042 321 4105 lis
352 4064 462 4127 corpus
494 4042 634 4106 hostibus
672 4043 829 4126 eripuerat
861 4047 892 4105 et
922 4042 1062 4106 humeris
1085 4050 1268 4126 gestaverat,
1291 4043 1406 4106 altera:

465 4159 525 4226 πῶς
548 4155 747 4235 {aspectam
771 4158 832 4226 πῶς
856 4156 887 4217 οὐ
913 4156 992 4217 κατὰ
1014 4155 1122 4232 κόσμον
1145 4153 1237 4227 ἔειπες

466 4268 591 4346 cetam

268 4378 380 4442 deinde
405 4378 457 4442 axi
477 4403 512 4442 κε
538 4381 616 4455 γυνή
644 4379 714 4442 ari.
