3218 5370
706 523 891 568 ranarum.
1292 523 1341 567 vn

239 700 358 784 Magna
391 697 535 762 cautione
564 695 631 757 eius
660 691 814 756 iudicium
844 688 1054 753 adhibendum
1082 712 1147 752 esse
1171 687 1225 752 ubi
1250 712 1354 752 rerum

242 813 420 877 testimonia
450 831 514 872 non
546 808 658 885 adsint,
684 827 721 867 er
743 804 781 866 iis
804 826 884 886 quae
904 802 1017 866 Pericli
1040 809 1072 865 et
1095 802 1212 865 Socrati
1238 802 1359 865 crimini

243 925 329 988 dedit
352 922 432 987 effici
456 926 568 1007 potest,
593 921 654 982 irno
679 941 695 980 e
719 916 795 980 locis
819 939 883 979 non
908 916 1016 1000 paucis
1040 921 1168 1000 apparet
1187 937 1259 977 eum
1282 914 1364 978 nihil

242 1036 302 1101 sibi
330 1037 478 1099 illicitum
510 1033 634 1097 duxisse
665 1052 727 1113 quo
757 1029 883 1092 laudem
913 1028 1101 1091 detrectaret
1132 1050 1194 1111 qua
1217 1028 1285 1091 eius
1308 1027 1365 1091 ini-

243 1151 342 1213 micus
369 1146 542 1211 fruebatur.
577 1143 676 1208 Cuius
708 1143 847 1206 dramata
876 1142 985 1224 quanti
1016 1141 1248 1204 aestimaverint
1271 1141 1367 1204 Athe·

244 1263 366 1327 nienses
396 1261 422 1324 si
455 1282 519 1323 non
547 1257 673 1322 aliunde
701 1262 812 1320 notum
844 1261 925 1318 esset
949 1277 986 1317 ex
1010 1253 1127 1317 acerbis
1150 1254 1366 1339 Aristophanis

244 1375 378 1462 parodiis
408 1373 485 1437 disci
515 1378 626 1457 posset.
652 1371 724 1451 Quo
747 1376 853 1432 antem
876 1369 979 1432 animo
1003 1368 1171 1453 Euripides
1195 1368 1248 1432 has
1276 1369 1367 1432 cavil-

243 1488 375 1552 lationes
404 1486 516 1549 tulerit
546 1507 609 1548 non
644 1483 799 1560 traditur;
823 1481 930 1545 fecisse
953 1482 1078 1544 videtur
1103 1481 1188 1564 quod
1211 1482 1366 1546 faciebant

243 1600 385 1686 plerique
414 1599 468 1662 illa
498 1604 617 1661 aetate:
652 1598 729 1660 iram
759 1595 900 1659 cohibere
932 1602 964 1658 et
991 1602 1110 1672 tacere;
1134 1617 1217 1659 unus
1241 1602 1367 1659 tantuin

244 1718 330 1776 extat
370 1711 456 1774 locus
498 1708 553 1773 nbi
593 1709 631 1771 de
674 1708 877 1793 protervitate
919 1714 1082 1792 poetarum
1125 1708 1269 1790 queritur
1312 1709 1368 1791 qni

245 1874 264 1902 ‚,
273 1824 401 1903 γέλωτος
432 1821 534 1888 οὕνεκα
564 1823 686 1886 ἀσκοῦσι
716 1820 844 1902 χάριτας
873 1819 1047 1901 κερτόμους”
1078 1827 1110 1884 et
1144 1825 1271 1901 „copon
1305 1821 1366 1902 πέρι

245 1937 368 2016 ἀχάλιν’
399 1934 500 2015 ἔχουσι
530 1934 701 2012 στόματί,
737 1934 774 1997 fr.
808 1933 925 1997 Melan.
957 1931 996 1997 V.
1029 1936 1104 1996 495.
1129 1933 1367 2018 Aristophanem

245 2056 350 2113 tamen
372 2049 514 2135 parodias
537 2070 608 2111 suas
632 2069 696 2110 non
719 2047 835 2110 frustra
857 2047 1013 2131 scripsisse
1034 2046 1147 2110 docent
1167 2049 1282 2111 mutati
1302 2070 1370 2131 pro·

247 2163 312 2246 logi
333 2161 563 2246 tragoediarum
588 2160 742 2237 Archelai,
768 2159 885 2239 Phrixi,
910 2158 1073 2243 Meleagri.

294 2273 410 2337 Omnes
430 2274 486 2338 has
501 2273 644 2358 parodias
658 2295 705 2335 me
717 2294 779 2336 non
791 2272 944 2336 invenisse
956 2273 1040 2336 ultro
1054 2273 1260 2357 intellegitur.
1282 2272 1369 2337 Diffi-

248 2387 308 2450 cile
337 2393 383 2450 est
413 2409 462 2450 eas
490 2409 506 2449 e
537 2386 679 2471 partibus
705 2385 834 2449 choricis
864 2392 896 2448 et
920 2385 1038 2449 melicis
1061 2409 1168 2449 eruere
1193 2385 1246 2450 ubi
1269 2409 1371 2470 neque

248 2500 396 2564 sermonis
413 2499 544 2563 varietas
564 2521 666 2582 neque
684 2499 807 2562 numeri
826 2498 906 2561 viam
927 2504 1108 2562 monstrant.
1132 2499 1217 2579 Quin
1230 2499 1324 2562 etiam
1337 2500 1371 2562 in

247 2612 374 2674 senariis
404 2611 459 2675 ubi
483 2613 712 2675 decernendum
736 2612 778 2674 sit
800 2611 878 2694 quid
900 2611 1076 2694 tragoediae
1099 2612 1140 2676 sit
1162 2612 1368 2691 reddendum,

249 2732 338 2788 caute
362 2725 622 2809 progrediendum
642 2730 699 2789 est.
720 2723 841 2787 Scholia
861 2725 942 2787 enim
961 2747 1150 2808 quamquam
1170 2749 1259 2810 saepe
1272 2748 1368 2809 quan·

249 2838 322 2901 tivis
362 2844 438 2901 sunt
480 2838 584 2922 pretii,
628 2860 690 2901 non
725 2860 793 2901 raro
827 2844 933 2901 tacent
966 2839 1166 2922 interrogata,
1204 2846 1242 2902 ut
1278 2863 1306 2902 v.
1345 2863 1371 2904 c.

250 2951 283 3013 in
314 2957 468 3035 postrema
498 2957 587 3036 parte
610 2951 725 3015 Avium
749 2973 786 3013 ex
809 2973 872 3033 qua
895 2951 971 3014 mihi
993 2951 1118 3015 videtur
1141 2951 1286 3036 Aeschyli
1312 2959 1388 3035 tra-¹

251 3065 361 3148 goedia
389 3064 596 3127 Prometheus
628 3063 769 3145 πυρφόρος
797 3064 961 3148 pellacem,
991 3071 1047 3127 aut
1070 3065 1103 3128 in
1125 3087 1258 3128 errorem
1282 3065 1371 3129 indu·

251 3183 328 3239 cunt
350 3176 491 3254 lectores,
516 3183 553 3239 ut
577 3177 657 3239 Ach.
683 3177 757 3255 325,
781 3175 874 3261 Vesp.
902 3177 1366 3259 1326,Av.3ta,1242‚aut

252 3295 397 3373 corrupta
430 3295 504 3353 sunt
537 3298 569 3353 et
601 3291 738 3367 confusa,
769 3297 806 3352 ut
833 3288 902 3352 Rau
932 3292 996 3353 465
1029 3312 1094 3375 sqq.
1120 3291 1300 3356 Cavendum
1325 3299 1371 3355 est

250 3401 362 3466 deinde
386 3425 425 3465 ne
448 3402 550 3466 verbis
576 3403 685 3466 comici
708 3410 816 3486 poetae
839 3404 971 3467 alicuius
994 3427 1100 3468 versus
1122 3406 1246 3469 subesse
1272 3412 1370 3470 statu·

251 3536 339 3577 amus
370 3513 425 3577 ubi
455 3515 538 3578 nihil
568 3515 630 3578 nisi
660 3515 783 3579 dicendi
809 3538 907 3599 genus
931 3516 1082 3595 imitatur,
1107 3519 1241 3602 denique
1263 3542 1302 3583 ne
1325 3520 1373 3582 ni·

250 3627 312 3690 mio
334 3627 532 3712 parodiarum
558 3628 805 3712 indagandarum
829 3627 933 3692 studio
951 3629 1035 3693 locos
1055 3630 1168 3712 quibus
1188 3632 1277 3695 nulla
1297 3633 1371 3696 insit

251 3737 434 3819 indicemus,
463 3739 579 3804 nubem
610 3741 832 3825 amplectentes
862 3763 917 3825 pro
946 3741 1077 3805 Iunone.
1110 3741 1196 3821 Quos
1232 3745 1374 3828 scopulos

255 3851 374 3914 evitare
404 3851 491 3916 nisus
529 3875 615 3931 sum,-
647 3876 686 3916 an
719 3853 794 3916 mihi
817 3854 982 3937 contigerit
1004 3855 1164 3939 peritiores
1187 3856 1371 3921 diiudicent.

303 3963 343 4027 In
365 3966 598 4050 computatione
621 3989 768 4031 versuum
790 3975 951 4052 poetarum
972 3969 1162 4032 scenicarum
1182 3972 1380 4056 etfragmen·

253 4084 361 4141 torum
388 4079 605 4164 Aristophanis
628 4087 754 4143 secutus
777 4102 846 4142 sum
869 4079 1023 4143 Dindorfii
1046 4082 1214 4146 editionem
1236 4082 1374 4168 Lipsien-

255 4212 321 4253 sem
351 4191 504 4273 quintam,
533 4192 778 4276 fragmentorum
808 4193 999 4276 tragicorum
1028 4216 1193 4259 numerum
1228 4196 1378 4283 adscripsi

259 4325 297 4366 ex
328 4301 517 4368 editionibus
549 4304 703 4368 Dindorfii
734 4305 797 4390 (D.)
827 4312 859 4368 et
885 4306 1024 4371 Nauckii
1055 4306 1133 4394 (Ν),
1165 4310 1333 4395 lyricorum
1363 4336 1379 4376 e
