3218 5370
270 639 333 702 lle
748 659 864 703 nausa.

247 824 367 896 dissic,
392 823 466 907 quid
492 824 718 909 Aristophanis,
744 825 905 889 enucleare
928 848 991 889 101
1015 849 1188 911 possumus.
1215 827 1295 892 Cum
1321 834 1368 891 ta-

246 941 335 999 ceant
366 936 552 999 Scholiastae
575 945 631 1000 aut
654 936 866 1002 dissimiliores
889 939 986 1001 citent
1009 939 1102 1018 locos,
1126 938 1292 1005 verisimile
1318 948 1368 1004 est

245 1049 392 1133 pleraque
422 1073 439 1113 a
468 1051 585 1113 comico
607 1051 645 1113 ad
669 1049 857 1135 Euripideae
880 1073 1006 1135 poeseos
1030 1074 1169 1116 normam
1194 1076 1257 1117 esse
1281 1053 1366 1118 ficta.
1445 1120 1448 1126 ,

247 1162 297 1225 Ad
327 1185 371 1225 vs.
406 1164 488 1224 1331
520 1163 720 1246 Asclepiades
743 1163 820 1226 citat
843 1163 917 1226 Hec.
945 1167 985 1226 68
1010 1186 1093 1248 sqq.;
1119 1166 1289 1250 comparari
1313 1188 1366 1251 po·

246 1281 309 1338 test
338 1275 407 1359 Iph.
436 1275 530 1339 Taur.
565 1278 625 1338 150
659 1282 691 1339 11
714 1276 822 1360 fragm.
847 1277 1062 1342 Andromedae
1088 1281 1159 1341 114.
1186 1279 1367 1364 Aristopha-

247 1408 316 1449 nem
349 1387 508 1450 monodias
538 1411 555 1449 a
587 1388 745 1471 tragoedia
774 1389 890 1452 alienas
913 1389 1065 1454 iudicasse
1089 1397 1217 1476 apparet
1240 1413 1366 1475 qnoque

247 1499 285 1561 fr.
310 1498 415 1583 Geryt.
443 1503 506 1562 202
530 1507 562 1564 et
581 1499 660 1564 Rau.
685 1504 760 1564 849.

249 1722 304 1787 Vs.
331 1715 435 1784 1334.
471 1723 578 1802 dexio
598 1723 719 1803 ἄψυχον
743 1723 861 1804 ἔχοντα.

293 1836 339 1900 Cf.
364 1838 477 1914 πότμος
500 1834 635 1914 ἄποτμος
659 1836 754 1922 Hipp.
782 1841 876 1916 1144,
902 1837 1019 1902 Phoen.
1042 1838 1367 1918 1301111111-

249 1974 304 2027 μος
328 1948 400 2013 Η11.
426 1952 488 2011 696
495 1975 504 2027 3
528 1949 589 2021 ὁδὸς
612 1947 711 2021 ἄνοδος
734 1950 803 2034 Iph.
828 1950 922 2013 Taur.
945 1955 1025 2030 8893
1047 1951 1164 2028 οὶβίοτος
1185 1952 1249 2030 βίου
1266 1952 1364 2038 Hipp.

249 2065 311 2124 881
337 2068 368 2125 11
389 2061 513 2138 similia,
537 2083 616 2144 quae
639 2063 732 2124 etiam
755 2062 861 2125 Latini
882 2063 996 2126 imitati
1015 2070 1091 2127 sunt
1110 2070 1219 2148 poetae
1238 2070 1275 2127 ut
1295 2064 1368 2128 Ovi·

251 2175 322 2238 dius
347 2176 401 2257 qui
424 2174 501 2238 Met.
526 2174 561 2238 ΙΙ
586 2175 647 2238 627
672 2176 783 2254 „iusta
806 2177 953 2239 iniusta.⁷’

251 2399 305 2463 Vs.
334 2391 437 2462 1337.
474 2399 564 2480 Φάνιον
587 2398 675 2478 Φόνιιι
699 2400 871 2479 δερκόμενον.

295 2513 411 2576 Iterata
436 2511 527 2576 verba
549 2535 735 2597 magnopere
759 2513 910 2597 placuisse
929 2513 1074 2598 Euripidi
1093 2537 1182 2578 nemo
1202 2515 1300 2578 nescit
1312 2518 1369 2598 qui

250 2626 317 2689 eius
351 2626 489 2689 dramata
522 2626 701 2710 inspexerit.
733 2625 805 2689 Non
836 2627 951 2690 desunt
979 2627 1011 2689 in
1042 2626 1108 2710 ipso
1140 2627 1300 2711 Aeschylo,
1331 2634 1370 2691 ut

250 2737 359 2822 Suppl.
393 2740 465 2833 8136,
499 2740 572 2815 837,
600 2741 672 2818 838,
699 2742 759 2801 861
787 2746 818 2802 11
842 2739 925 2818 alibi,
953 2739 1006 2804 sed
1029 2740 1062 2802 in
1084 2740 1233 2825 Euripide
1256 2741 1369 2826 saepis·

248 2850 324 2914 sime
359 2849 563 2913 inveniuntur
589 2849 644 2912 ubi
673 2852 825 2914 sententia
856 2874 918 2914 non
949 2852 1099 2936 postulat,
1123 2852 1185 2915 imo
1209 2857 1303 2930 vetat,
1326 2859 1366 2916 ut
1475 2868 1481 2887 '

247 2962 279 3025 in
313 2962 457 3026 monodia
488 2962 620 3046 Phrygis
652 2962 706 3026 Or.
742 2966 825 3027 1426
856 2965 987 3045 Φρυγίοις
1015 2963 1130 3044 ἔτυχον,
1157 2965 1300 3045 Φρυγίοισι
1326 2966 1367 3030 νό·

249 3098 314 3153 μοις
335 3074 339 3162 Ι
360 3074 442 3150 aaut
464 3074 627 3155 βόστρυχον
651 3074 738 3155 οιῦριιν
763 3074 853 3156 οιῦροιν
873 3075 878 3163 Ι
900 3076 1024 3149 Ἑλένοιο
1043 3077 1166 3149 Ἑλένοις
1187 3080 1296 3156 adoriar
1315 3078 1367 3143 rul-

249 3201 317 3267 κλῳ.
351 3186 471 3250 Deinde
502 3211 558 3250 vss.
594 3190 688 3266 1444,
723 3191 818 3268 1454,
853 3192 947 3267 1456,
982 3190 1368 3269 1468,1479,1481et

249 3301 428 3364 sexcenties.
453 3301 502 3366 Of.
527 3300 606 3365 Rau.
632 3304 715 3364 1353
740 3324 805 3385 sqq.

248 3523 302 3588 Vs.
329 3516 432 3586 1338.
469 3523 553 3587 ἄλλά
575 3547 634 3603 μοι,
657 3523 834 3603 ἀμφίπολοι,
857 3522 966 3602 λύχνον
989 3521 1091 3603 didere

470 3637 596 3701 κιὶλτισί
617 3636 643 3701 τ’
667 3639 699 3700 ἐκ
719 3642 861 3714 τοτιιμῶν
881 3637 976 3717 δρόσον
995 3635 1094 3717 ἄροιτε,
1115 3635 1231 3718 θέρμετε
1243 3637 1269 3701 δ’
1283 3634 1354 3717 ὕδωρ

471 3751 511 3821 ὡς
533 3748 569 3813 ἂν
591 3751 661 3813 θεῖον
683 3747 780 3829 ὄνειρον
803 3747 971 3813 ἀποκλύσω.

293 3862 394 3927 Schol.
427 3863 624 3934 Ἀπολλώνιος
647 3862 729 3942 τυροὶ
751 3861 791 3925 τοὶ
814 3863 846 3925 ἐκ
869 3865 924 3924 τῶν
948 3861 1120 3939 Τνμενιδῶν
1145 3862 1189 3945 (11
1213 3861 1279 3924 cod.
1305 3863 1365 3925 Εὐ-

248 3976 407 4061 μενίδων).
439 3975 512 4038 Filii
543 3974 669 4038 Temeni
699 3975 828 4037 fuerunt
855 3972 989 4058 Cerynes
1012 3979 1044 4036 et
1066 3973 1206 4054 Phalces,
1232 3996 1366 4057 quorum

248 4111 333 4152 soror
367 4088 531 4173 Hyrnetho
567 4087 738 4173 Delphonti
769 4093 928 4172 nupserat.
961 4086 1024 4167 Qui
1055 4110 1126 4150 cum
1155 4094 1244 4171 patre
1267 4088 1367 4152 occiso

249 4202 443 4287 Epidaurum
474 4208 636 4281 venerunt,
658 4201 821 4285 Hyrnetho
844 4223 947 4264 secum
973 4200 1119 4264 reducere
1143 4201 1312 4264 voluerunt
1334 4209 1366 4264 et

247 4320 411 4399 postquam
433 4314 548 4377 frustra
571 4337 588 4375 a
612 4313 722 4376 marito
746 4312 893 4383 divellere
917 4314 1020 4376 conati
1045 4321 1129 4393 sunt,
1151 4313 1281 4377 Phalces
1300 4335 1366 4376 eam

248 4428 413 4492 interfecit.
451 4426 585 4490 Videtur
615 4427 673 4490 hoo
704 4426 849 4490 dramatis
879 4432 1100 4511 argumentum
1132 4427 1237 4490 fuisse.
1264 4423 1368 4489 Verba
