3218 5370
728 597 816 641 Avus.
1263 580 1305 642 93

208 767 299 831 aliter
330 767 455 830 omnino
487 787 590 829 resse
614 763 718 827 habet.
743 762 862 827 Verum
886 763 1012 846 quidem
1035 769 1081 826 est
1104 762 1328 827 Prometheum

208 879 276 943 fuse
310 878 481 942 describere
516 899 595 960 quae
630 876 688 940 sibi
717 875 851 940 debeant
880 877 1035 955 mortales,
1068 899 1124 939 vss.
1160 879 1222 953 229
1248 897 1327 960 sqq,

208 995 272 1055 442
296 1014 361 1074 sqq.
386 990 446 1054 Sed
469 988 616 1053 beneficia
640 989 683 1052 ibi
708 995 859 1053 memorat
883 988 998 1071 quihus
1020 997 1092 1074 post
1110 989 1192 1073 ignis
1211 990 1329 1053 donum

150 1093 152 1095 ¹
207 1106 347 1169 homines
375 1103 523 1187 gaudent,
555 1103 697 1166 scientias
731 1100 799 1165 dico
823 1108 855 1164 et
878 1109 969 1179 artes,
994 1102 1131 1184 quaein
1155 1102 1253 1186 prima
1276 1101 1330 1165 tri·

207 1218 307 1302 logiae
340 1215 499 1300 tragoedia
533 1214 666 1278 describi
701 1237 777 1314 non·
800 1219 982 1298 potuerunt,
1014 1214 1130 1298 quippe
1162 1236 1241 1297 quae
1273 1215 1329 1278 diu

207 1338 287 1416 post,
322 1330 434 1394 sensim
468 1328 685 1414 paulatimque
719 1329 758 1391 ad
789 1327 929 1390 homines
960 1327 1168 1411 pervenerint.
1201 1328 1329 1391 Furtum

208 1445 370 1522 Lemnium,
406 1446 484 1527 quod
514 1445 616 1505 Ιοοοοονι
651 1441 852 1526 beneficiorum
880 1441 1059 1523 ρνὶονοίρὶκοκ
1080 1442 1154 1525 fcit
1184 1449 1212 1504 et
1243 1442 1329 1525 quaet

198 1559 445 1642 fuaclomectum,
476 1578 517 1619 ca.
544 1556 605 1616 110
629 1576 698 1637 epp,
722 1554 755 1617 ia
777 1554 947 1617 Prometheo
970 1554 1067 1617 cincto
1086 1576 1144 1616 τοοκ
1161 1556 1261 1617 sedulo
1281 1557 1328 1618 de-

207 1671 356 1734 scribitur.
384 1668 538 1752 Tangitur
563 1667 700 1751 quidem,
723 1690 752 1730 v.
777 1690 803 1730 c.
828 1690 870 1729 vs.
898 1668 926 1746 7,
951 1664 1007 1729 ubi
1030 1665 1145 1730 Kratos
1170 1672 1207 1729 ut
1231 1666 1326 1730 bilem

207 1782 378 1867 Hephaesti
397 1787 535 1845 moveat:

406 1896 439 1958 τὸ
462 1895 510 1958 σὸν
533 1893 590 1973 γαρ
613 1891 706 1964 σ’ένθος,
731 1891 899 1971 παντέχνου
922 1880 1007 1973 πυρὸς
1031 1891 1122 1963 σέλας

407 2008 533 2080 θνητοῖσι
556 2005 672 2085 κλέψας
695 2005 821 2068 ὤπασεν

208 2143 266 2183 vss.
294 2123 355 2182 110
380 2125 412 2182 et
435 2122 509 2199 452,
535 2118 590 2182 ubi
614 2117 833 2182 Prometheus:

407 2232 673 2312 ναρθηκοπλήρωτον
698 2232 728 2294 δὲ
753 2232 880 2311 θηρῶμαι
899 2233 983 2311 πυρὸς

408 2344 506 2422 πήρην
529 2344 674 2408 κλοπαίαν
697 2344 757 2407 κτέ.

407 2457 474 2530 πρὸς
496 2457 594 2519 τοῖσδε
617 2455 715 2534 μέντοι
738 2458 793 2535 πῦρ
816 2455 873 2532 ἐγώ
896 2460 967 2535 σφιν
992 2454 1107 2518 θπασα.

206 2592 315 2634 verum
335 2569 369 2632 hi
389 2569 450 2632 loci
468 2592 530 2633 non
551 2569 704 2633 eiusmodi
723 2576 798 2633 sunt
818 2576 856 2631 ut
874 2575 1021 2653 appareat
1038 2569 1165 2632 nullum
1179 2591 1326 2652 umquam

207 2683 406 2767 praecessisse
436 2681 551 2746 drama.
584 2681 679 2761 Quid,
711 2682 737 2745 si
767 2682 867 2745 simile
891 2682 967 2765 quid
990 2683 1166 2746 invenimus
1191 2706 1218 2747 v.
1244 2706 1270 2747 c.
1294 2684 1328 2746 in

206 2796 433 2859 Eumenidibus
464 2795 630 2880 Aeschyli?
662 2794 865 2860 Praecessisse
896 2794 1095 2880 Choephoras
1125 2814 1216 2861 nemo
1239 2819 1330 2880 nega-

207 2908 271 2986 hit;
302 2915 441 2972 attamen
471 2932 528 2972 vss.
552 2911 616 2971 455
641 2930 706 2991 sqq.
731 2908 832 2999 fusius
855 2930 948 2991 quam
971 2909 1004 2971 in
1027 2907 1211 2973 Prometheo
1237 2931 1328 2994 expo-

207 3022 294 3084 nitur
318 3021 395 3104 quid
418 3022 536 3085 factum
560 3021 616 3098 sit;
641 3020 684 3084 ibi
707 3021 791 3083 enim
815 3019 956 3084 Orestes:

319 3136 383 3196 455
407 3132 546 3214 Ἀργεῖός
570 3133 640 3210 εἰρον,
666 3131 780 3212 πατέρα
803 3133 829 3196 δ’
855 3133 973 3213 ἱστορεῖς
996 3137 1094 3205 καλῶς

408 3245 615 3323 Ἀγαμέμνον’

318 3363 381 3423 459
606 3357 691 3422 οὶλλοέ
713 3382 752 3421 νον
776 3357 969 3439 κελαινόφρων
992 3357 1050 3435 ἕραή

353 3536 355 3541 ⁴
410 3471 506 3552 μήτηρ
530 3470 662 3535 κατέκτα
686 3472 747 3535 κτέ.

320 3587 383 3647 462
407 3586 491 3662 adyti
514 3585 670 3656 κατελθὼν,
695 3585 744 3648 τὸν
766 3585 817 3663 πρὸ
841 3589 891 3648 τοῦ
915 3583 1034 3666 φεύγων
1056 3584 1165 3665 χρόνον,

410 3696 523 3762 ἔκτεινα
547 3698 600 3771 τήν
623 3703 765 3762 τεκοῦσαν
788 3698 847 3762 κτέ.

252 3810 351 3876 Aliud
375 3812 551 3895 exemplum
576 3811 703 3896 praebet
724 3810 931 3874 Prometheus
952 3811 1090 3875 Solutus.
1110 3810 1235 3896 Inspice
1254 3832 1332 3893 quos

207 3924 297 3988 nohis
329 3924 461 3988 servavit
490 3923 639 4008 Aeschyli
667 3946 774 3987 versus
802 3923 919 4002 Cicero,
943 3923 1034 3989 Tusc.
1060 3924 1188 4005 Quaest.
1214 3922 1250 3986 ΙΙ
1275 3926 1326 4003 10,

208 4037 245 4101 fr.
271 4040 331 4102 187
359 4037 414 4115 N„
433 4039 503 4099 «193
527 4036 584 4102 D.:

586 4148 766 4233 „adspicite
790 4148 955 4233 religatum
979 4148 1096 4233 asperis

409 4262 641 4344 „vinctumque
665 4261 755 4340 saxis,
780 4284 890 4326 navem
912 4268 950 4325 ut
973 4261 1134 4326 horrisono
1157 4262 1236 4326 freto

409 4381 561 4454 „noctem
585 4382 732 4459 paventes
754 4374 859 4438 timidi
881 4375 1054 4439 adnectunt
1077 4375 1213 4438 navitae.
