3218 5370
275 634 336 692 152
753 651 869 694 11111111.

249 816 365 895 dustria
399 817 415 890 ἢ
447 820 498 897 πρὸ
529 822 578 881 τοῦ
610 819 775 901 detorquet
806 819 934 902 perinde
967 819 1056 900 quasi
1086 819 1119 880 in
1142 818 1311 901 tragoediis
1334 819 1372 882 de

251 932 362 994 eatinis
386 931 474 994 etde
497 931 572 993 allio
592 932 713 1015 egisset.

296 1044 457 1107 Permulta
490 1046 549 1107 iarn
582 1044 619 1106 116
643 1045 747 1107 indole
771 1067 896 1127 poeseos
921 1044 1108 1127 Euripideae
1131 1067 1149 1106 a
1172 1044 1245 1107 viris
1268 1045 1369 1108 doctis

250 1157 371 1240 prolata
402 1164 486 1228 sunt,
518 1157 556 1219 cf.
589 1156 780 1240 Bernhardy,
813 1157 866 1220 Gr.
900 1157 946 1219 lit.
973 1156 1060 1240 Hp.
1087 1158 1149 1218 388
1175 1179 1240 1239 sqq.
1264 1156 1373 1221 Unum

250 1293 321 1333 11616
351 1271 464 1334 addere
493 1271 598 1334 liceat:
624 1271 864 1354 Aristophanem
891 1271 1035 1334 hocloco
1059 1268 1096 1332 de
1119 1270 1223 1333 indole
1246 1293 1373 1355 poeseos

251 1382 439 1466 Euripideae
476 1391 507 1445 et
538 1384 576 1447 de
607 1385 765 1467 tragoedia
796 1384 827 1446 in
861 1384 1006 1446 universo
1036 1406 1206 1468 perperam,
1232 1392 1268 1447 ut
1292 1385 1369 1447 mihi

250 1495 383 1573 videtur,
408 1497 571 1560 iudicasse.

293 1609 491 1672 Assentimur
525 1610 554 1672 61
583 1610 738 1692 tragicum
771 1609 965 1693 vituperanti
997 1609 1052 1692 qui
1082 1610 1189 1672 heroes
1221 1631 1372 1692 regesque

251 1721 435 1784 disserentes
470 1723 543 1785 facit
578 1723 616 1785 de
647 1723 770 1806 placitis
801 1722 1020 1806 philosophicis
1055 1730 1086 1785 et
1110 1722 1148 1784 de
1172 1720 1265 1785 rebus
1289 1724 1372 1786 vitae

250 1835 446 1912 domesticae,
471 1836 524 1899 sed
548 1836 686 1898 61161166
709 1842 813 1898 movet
837 1858 938 1912 cansa,
964 1835 1023 1898 alia
1048 1835 1298 1919 Aristophanem.

292 1950 356 2011 Nor
387 1948 515 2011 offendit
545 1947 738 2032 Euripidem,
763 1948 970 2011 ratiocinandi
995 1949 1099 2010 studio
1123 1947 1263 2024 ductum,
1289 1947 1373 2010 11166-

251 2066 335 2122 trum
367 2068 487 2122 mutarc
517 2061 549 2122 in
582 2061 718 2124 scholam
748 2061 993 2145 philosophicam
1025 2068 1056 2123 61
1086 2067 1149 2122 tarn
1173 2083 1282 2145 parurn
1307 2083 1373 2145 per·

250 2196 394 2236 sonarum
426 2173 477 2246 loa
510 2196 616 2236 curare
647 2181 692 2253 nt,
724 2175 749 2237 si
780 2172 923 2236 Medeam
955 2181 986 2237 et
1011 2174 1200 2237 Alcestidem
1226 2174 1370 2258 excipias,

251 2309 422 2371 perpaucae
456 2287 489 2349 in
524 2288 590 2350 eins
624 2286 737 2350 fabulis
771 2287 976 2372 reperiantur,
1013 2308 1092 2369 quae
1121 2310 1229 2350 revera
1253 2287 1372 2349 animos

250 2406 371 2463 nostros
402 2406 546 2463 moveant
554 2428 562 2478 ;
594 2401 818 2481 Aristophanem
848 2422 929 2476 vero,
959 2399 1141 2483 Euripidem
1171 2400 1228 2462 hac
1259 2399 1371 2482 agendi

251 2514 368 2576 ratione
394 2514 432 2576 de
456 2514 632 2597 tragoediae
655 2514 816 2576 maiestate
841 2511 961 2594 aliquid
984 2511 1154 2575 detrahere.

295 2627 386 2689 Notis
410 2626 552 2710 displicet
572 2648 657 2708 reges
681 2633 712 2688 et
736 2625 844 2688 heroes
867 2626 899 2687 in
923 2647 1045 2688 scenam
1069 2625 1192 2708 prodire
1217 2632 1254 2688 ut
1277 2625 1369 2688 ratio·

250 2741 392 2801 cinentur
427 2744 458 2801 61
487 2740 650 2823 disputent
656 2765 665 2815 3
697 2740 890 2820 Aristophani
921 2761 1002 2814 vero,
1038 2739 1158 2801 eosdem
1190 2739 1223 2801 in
1248 2761 1370 2802 scenam

248 2852 371 2936 prodire
395 2858 432 2914 nt
454 2853 616 2935 disputent
639 2851 676 2913 de
699 2849 790 2913 rebus
815 2851 918 2914 minus
943 2849 1140 2914 sublimibus.

293 2962 394 3027 Nobis
418 2963 456 3026 ob
477 2963 603 3026 eandem
626 2986 717 3046 quarn
742 2964 877 3026 diximus
897 2987 1019 3026 causam
1031 2987 1095 3027 non
1109 2987 1296 3048 magnopere
1305 2964 1369 3048 pla-

251 3075 367 3139 cebnnt
396 3076 623 3160 disputationes
655 3075 823 3153 Minervae,
857 3077 1012 3160 Apollinis
1038 3085 1069 3140 et
1092 3077 1178 3140 chori
1202 3076 1368 3140 Furiarum

250 3191 282 3251 in
313 3189 459 3272 Aeschyli
489 3188 725 3266 Eumenidibus,
755 3188 866 3252 Teucri
889 3194 920 3251 61
944 3189 1126 3252 Atridarum
1151 3190 1183 3251 in
1208 3189 1369 3273 Sophoclis

249 3302 353 3364 Aiace.
388 3301 611 3385 Aristophanes
642 3323 713 3363 vero
737 3301 878 3364 hasnon
903 3302 993 3364 modo
1017 3323 1080 3364 non
1103 3301 1210 3384 tetigit
1234 3300 1286 3364 sed
1309 3302 1368 3365 nisi

248 3416 351 3477 omnia
385 3438 433 3477 me
469 3414 593 3490 fallunt,
625 3415 650 3476 si
681 3414 837 3477 sententia
865 3414 990 3477 ferenda
1019 3414 1139 3491 fuisset,
1165 3414 1292 3477 minime
1315 3415 1370 3476 im-

249 3527 417 3611 probasset.

293 3641 448 3702 Audimus
482 3640 618 3721 denique
652 3640 891 3724 Aristophanem
927 3648 958 3703 et
991 3662 1062 3703 curn
1094 3663 1129 3703 eo
1160 3641 1290 3704 facimus
1313 3640 1369 3704 nbi

248 3754 401 3835 signifieat
424 3775 494 3815 vera
518 3754 593 3815 artis
616 3753 803 3816 dramaticae
826 3754 875 3816 via
897 3752 960 3816 labi
979 3756 1133 3836 tragicum
1153 3755 1207 3837 qui
1227 3753 1285 3817 sibi
1303 3777 1370 3838 pro-

250 3873 345 3951 ponat
368 3866 506 3928 homines
529 3867 574 3928 ita
597 3865 716 3929 afficere
741 3874 777 3929 ut
802 3866 922 3929 discant
945 3866 1001 3938 adr
1024 3867 1113 3938 οἰκίας
1138 3868 1222 3955 elusio
1241 3865 1368 3944 6166661,

246 4002 353 4042 verum
386 4000 449 4041 non
482 4001 552 4041 cum
585 4003 620 4042 eo
652 3986 775 4063 poetam
798 3979 963 4042 laudamus
986 3981 1040 4062 qui
1064 4003 1096 4042 se
1120 4002 1241 4043 summa
1264 3986 1369 4064 petere

247 4099 372 4155 censeat
398 4093 422 4153 si
455 4114 490 4154 eo
519 4092 626 4155 tendat
649 4100 686 4155 ut
710 4093 790 4156 cives
813 4092 955 4155 fortiores
979 4092 1098 4169 reddat,
1123 4115 1165 4155 vs.
1193 4094 1276 4155 1008
1302 4113 1368 4174 sqq.

293 4204 397 4267 Habet
420 4207 546 4268 omnino
570 4229 637 4268 eam
660 4207 720 4268 vim
745 4205 876 4289 pulchra
895 4206 1055 4289 tragoedia
1076 4212 1169 4287 atque
1182 4227 1271 4267 omne
1284 4205 1367 4287 quod

241 4317 410 4401 pulchrum
442 4324 498 4396 est,
522 4325 559 4380 ut
583 4340 690 4381 eorum
714 4319 768 4400 qui
791 4317 918 4381 videant
941 4326 996 4381 aut
1019 4318 1149 4382 audiant
1173 4318 1366 4381 humanitati

245 4430 366 4508 serviat,
393 4453 484 4494 omne
507 4432 591 4514 quod
614 4432 677 4494 vile
700 4438 746 4493 est
769 4455 804 4494 66
827 4432 987 4496 sordidum
1009 4433 1181 4516 impugnet,
1202 4432 1366 4494 hominum
