3218 5370
270 646 312 706 51
744 665 869 708 vusrar.
949 643 952 648 ’

247 826 328 890 nihil
361 829 401 920 sit
434 827 496 891 nisi
530 827 630 891 inanis
659 830 769 912 imago,
801 831 861 891 iam
893 830 971 893 vidit
1002 831 1129 896 Florens
1159 809 1363 899 Christianus.

248 938 340 1018 Quod
364 937 505 1022 sequitur
527 940 557 1013 ἑή
583 941 643 1004 nrt.
668 929 840 1004 ceterorum
864 948 910 1004 est
934 964 1111 1026 puerorum.

292 1050 323 1113 Si
347 1052 527 1115 scholiastae
551 1052 642 1115 fidem
666 1052 824 1132 babemus,
848 1075 935 1137 puer,
960 1054 1067 1136 quiin
1089 1055 1226 1118 dramate
1246 1057 1363 1120 Theseo

245 1163 442 1245 loquebatur,
465 1162 655 1248 Hippolytus
678 1172 754 1227 erat.
781 1171 824 1227 At
846 1165 903 1228 hoe
927 1182 1033 1228 verum
1057 1189 1121 1229 esse
1144 1168 1262 1249 nequit.
1289 1168 1361 1231 Non

246 1277 311 1338 sine
335 1298 428 1339 causa
451 1275 590 1340 Ribbeck
613 1300 643 1361 p.
669 1280 731 1339 299
756 1277 858 1354 „Wie
878 1301 943 1340 nun
963 1277 1051 1341 dabci
1071 1280 1101 1341 in
1122 1280 1237 1343 diesem
1249 1279 1363 1344 Drama

245 1388 355 1467 „euch
385 1388 539 1473 Hippolyt
568 1390 623 1451 hat
652 1390 850 1453 vorlommen
882 1391 1006 1454 konnen
1037 1393 1078 1454 111
1109 1393 1291 1457 wunderher
1314 1417 1363 1477 ge-

246 1501 370 1585 „nug'',
402 1502 455 1565 sed
485 1502 578 1564 nimis
608 1501 787 1566 dubitanter
810 1503 911 1566 addit:
936 1503 1040 1580 „War
1063 1504 1103 1567 H.
1127 1505 1268 1569 wirklich
1292 1506 1361 1569 dem

245 1615 401 1697 „Mythos
432 1615 566 1677 auwider
595 1615 664 1677 eine
687 1614 801 1678 Person
826 1615 878 1678 des
904 1616 1026 1696 Stticks,
1051 1618 1103 1679 so''
1117 1666 1124 1679 .
1139 1667 1145 1680 .
1161 1667 1190 1681 ..
1215 1626 1270 1681 cet.
1292 1619 1363 1682 Mu·

245 1729 357 1792 taverit
385 1751 458 1792 sane
481 1728 603 1812 mythos
620 1724 791 1811 'Euripides
815 1734 846 1790 et
869 1729 908 1792 ad
931 1751 1022 1792 suum
1045 1729 1236 1814 adaptaverit
1259 1752 1360 1811 usum,

245 1864 307 1904 non
330 1848 436 1903 tamen
460 1840 573 1904 adduci
596 1862 720 1924 possum
744 1847 781 1902 ut
805 1841 927 1903 credam
951 1841 995 1903 ita
1018 1864 1108 1904 sonae
1128 1843 1240 1905 mentis
1260 1865 1363 1927 exper-

245 1962 309 2017 tem
340 1953 436 2016 fuisse
466 1959 589 2037 poetam
613 1959 650 2014 ut
672 1951 825 2014 Theseum
850 1952 991 2035 fingeret,
1017 1976 1088 2016 cum
1111 1956 1215 2038 pueris
1238 1955 1363 2042 puellis-

246 2087 307 2147 que
330 2066 363 2127 in
389 2063 512 2127 Cretam
537 2065 674 2142 missum,
693 2086 755 2126 uon
775 2064 1002 2127 adolescentem
1020 2064 1202 2149 sedpatrem
1215 2062 1286 2129 cum
1298 2067 1362 2131 filio

245 2176 419 2262 Hippolyto
448 2177 507 2238 1111
537 2176 711 2253 facientem,
742 2198 853 2258 neque,
887 2199 1074 2259 quamquam
1103 2185 1361 2260 argumentume

247 2291 372 2354 silentio
415 2289 507 2352 nimis
547 2310 656 2371 urgere
698 2289 781 2369 nolo,
816 2289 1126 2373 praetermittendum
1162 2299 1208 2353 est
1240 2291 1361 2355 Plutar-

245 2403 350 2479 chum,
388 2402 443 2483 qui
477 2401 509 2463 in
538 2401 602 2463 vita
632 2399 742 2463 Thesei
773 2423 876 2464 omnes
906 2401 944 2464 dc
976 2402 1070 2464 huius
1101 2403 1134 2465 in
1166 2402 1288 2466 Cretam
1311 2403 1362 2465 ad-

245 2522 342 2576 ventu
373 2513 564 2576 narrationes
589 2521 756 2602 enumerat
781 2521 812 2575 et
836 2515 1026 2596 tragoediam
1048 2516 1249 2598 Euripideum
1272 2539 1362 2578 nove·

245 2634 303 2703 rat,
328 2651 353 2689 c.
379 2625 448 2705 XV,
474 2626 511 2688 de
535 2618 705 2709 Hippolyto
728 2625 838 2689 Thesei
862 2628 974 2689 comite
992 2627 1072 2726 nihil
1096 2651 1219 2712 prorsus
1238 2629 1359 2692 referre.

246 2739 358 2821 Itaque
394 2740 555 2823 Hippolyti
589 2761 700 2801 nomen
732 2739 922 2802 Scholiastae
952 2760 1046 2822 quam
1079 2741 1144 2824 ipso
1167 2742 1284 2824 tragico
1309 2743 1361 2804 tri·

247 2851 341 2915 buere
368 2853 483 2915 malim.
515 2851 669 2914 Fraudem
700 2854 728 2914 11
757 2852 830 2914 fecit
860 2852 962 2932 πάτερ,
991 2876 1070 2935 quae
1093 2854 1275 2916 exclamatio
1298 2855 1360 2917 fuit

245 2965 334 3048 pueri
358 2987 427 3027 cum
452 2963 568 3026 Theseo
593 2962 800 3045 colloquentis
820 2972 851 3026 et
870 2963 1027 3028 absentem
1047 2972 1164 3049 patrem
1178 2967 1358 3029 invocantis.

245 3248 298 3312 Vs.
324 3239 525 3310 317-330.
550 3247 630 3325 <ultor
653 3246 782 3322 τήκομαι
806 3247 860 3323 μὲν

553 3359 649 3423 notter
672 3358 720 3422 ert
742 3367 796 3431 τῆς
820 3361 892 3431 ὀπῆς

555 3473 633 3549 ὑμῶν
657 3472 806 3535 ὑπακούων
831 3475 869 3555 (v.
893 3473 995 3534 Herw.
1020 3471 1066 3534 ἔπ’
1088 3473 1217 3554 ἀκούων).
1242 3475 1300 3536 nri.
1362 3472 1364 3477 ’

261 3651 263 3655 ’
289 3633 436 3697 Partibus
470 3634 573 3717 lyricis
606 3635 639 3696 in
675 3635 832 3697 comoedia
864 3641 971 3696 utrum
1002 3633 1127 3715 parodia
1157 3633 1231 3697 insit
1260 3657 1358 3697 necne

244 3746 414 3809 diiudicare
442 3745 621 3830 perdifficile
650 3752 706 3808 est.
739 3745 800 3808 Ubi
830 3753 936 3807 tacent
967 3744 1084 3806 scholia
1114 3746 1216 3808 tutius
1245 3753 1358 3809 11111-
1451 3761 1453 3764 ’

243 3859 389 3920 111111111
412 3859 604 3936 coniecturas
626 3881 689 3921 non
712 3865 843 3921 tentare.
864 3857 982 3920 Extant
1000 3864 1104 3919 tamen
1124 3879 1358 3940 nonnumquam

242 3968 367 4047 indicia,
399 3970 477 4032 levia
506 3970 631 4033 fortasse
662 3992 719 4032 nec
749 3976 853 4032 tamen
882 3969 1083 4051 neglegenda.
1109 3968 1188 4031 Cum
1211 3992 1239 4031 v.
1263 3992 1289 4032 c.
1313 3970 1358 4032 iu·

243 4082 319 4165 cipit
348 4089 439 4165 poeta
470 4081 569 4144 verbis
599 4082 720 4165 pondus
745 4081 931 4144 habentibus
956 4089 987 4143 et
1010 4078 1114 4144 subito
1137 4103 1154 4143 a
1178 4081 1227 4143 via
1250 4079 1357 4144 deflec-

242 4201 310 4256 tens
342 4195 413 4256 alia
433 4193 593 4277 subiungit
616 4216 694 4276 quae
718 4195 812 4256 risum
839 4215 959 4256 movere
986 4193 1114 4276 possint,
1138 4216 1199 4255 non
1223 4193 1316 4276 longe
1338 4217 1356 4255 a

240 4307 289 4367 via
320 4306 506 4383 aberramus,
536 4307 654 4390 opinor,
686 4306 873 4369 conicientes
902 4306 1021 4388 aliquid
1054 4305 1177 4369 subesse
1200 4307 1354 4389 perediae,

241 4423 273 4479 et
294 4417 465 4500 fragmenta
490 4419 665 4500 tragoediae
688 4418 731 4481 ibi
756 4418 852 4480 latere
876 4441 955 4502 quae
975 4418 1116 4480 consulto
1136 4418 1271 4480 comicus
1291 4440 1356 4480 mu-
