3218 5370
742 583 858 628 arnas.
1273 568 1336 630 113

241 745 279 808 ab
303 747 358 812 Ar.
384 747 479 810 allata
502 747 629 810 fortasse
650 755 726 811 sunt
745 748 929 831 Hyrnethus
948 748 1161 833 impendentia
1182 749 1358 834 malaprae-

142 897 144 901 ν
241 859 398 942 sagientis.
430 860 612 944 Suspicatus
643 867 690 924 est
721 859 862 923 Fritsche
893 860 986 924 etiam
1010 862 1228 945 praecedentes
1250 885 1357 927 versus

241 971 296 1053 qui
326 972 365 1035 de
395 973 513 1036 somnio
543 981 637 1055 agant
668 995 684 1036 e
714 971 891 1036 Temenidis
921 974 1036 1057 petitos
1059 997 1133 1037 csse.
1158 973 1231 1038 Non
1253 981 1359 1040 tamen

239 1082 426 1148 verbotenus
446 1085 524 1148 citat
547 1085 612 1163 Aa,
637 1107 679 1147 vs.
707 1087 791 1148 1339
816 1085 899 1148 enim
913 1086 1029 1169 'epicus
1053 1094 1109 1164 est,
1136 1087 1174 1150 of.
1193 1085 1253 1149 Od.
1274 1086 1359 1151 VIII

240 1198 304 1259 436
327 1196 414 1278 ἀμφὶ
435 1197 466 1261 δέ
489 1198 513 1261 οἱ
535 1196 602 1277 πυρί
626 1198 744 1276 χαλκὸν
768 1198 876 1275 ἰήνατε,
901 1197 1018 1278 θέρμετε
1041 1198 1067 1262 δ’
1092 1196 1171 1278 ὕδωρ.

285 1309 334 1372 Ad
359 1311 444 1373 1340
468 1309 571 1372 Schol.
595 1308 647 1372 καί
671 1314 754 1374 τοῦτο
778 1317 917 1387 μιμεῖται
940 1311 953 1374 ὁ
978 1309 1141 1389 Αἰσχύλος.

242 1530 295 1595 Vs.
322 1524 426 1594 1344.
463 1531 596 1613 Νύμφαι
619 1532 798 1613 ὀρεσσίγονοι.

286 1643 388 1721 Schol.
412 1646 445 1708 ἐκ
467 1649 523 1709 τῶν
547 1648 687 1726 Ξαντριῶν
710 1644 873 1724 Αἰσχύλου.
898 1645 1030 1730 Legitur
1054 1646 1091 1709 fr.
1114 1648 1193 1712 170:
1215 1644 1359 1726 ὀρεσσινό-

241 1782 309 1823 νοισι
343 1759 491 1841 Νύμφαις
526 1761 586 1824 ατὲ.
616 1761 660 1822 At
691 1782 754 1823 non
783 1782 840 1822 sua
871 1760 925 1823 sed
955 1759 1115 1845 Euripidis
1133 1759 1225 1823 verba
1249 1761 1360 1824 citasse

242 1872 430 1956 Aeschylum
454 1880 563 1956 sponte
587 1872 794 1956 intellegitur.

286 1984 334 2048 De
361 2008 404 2048 vs.
427 1987 511 2048 1348
536 1985 573 2048 of.
598 2010 641 2050 vs.
667 1988 762 2048 1314.
787 1984 834 2048 De
853 2009 896 2049 vs.
920 1988 1016 2049 1353.
1038 1987 1051 2050 ὁ
1074 1985 1101 2050 δ’
1117 1986 1269 2077 ρξνὲπτατ’
1294 1986 1360 2049 οἰνέ-

242 2098 335 2160 πται)
359 2098 419 2163 ari.
444 2098 482 2161 of.
506 2122 548 2161 vs.
576 2099 671 2163 1337.

243 2319 297 2384 Vs.
324 2312 428 2381 1356.
462 2320 562 2392 Ἀλλ’,
587 2314 607 2382 ὦ
632 2326 748 2395 Κρῆτες,
774 2316 859 2392 Ἴδας
877 2319 982 2400 τέκνα,

464 2432 504 2496 τοὶ
525 2429 599 2506 τόξα
621 2430 765 2524 λαβόντες
788 2430 963 2510 ἐπαμύνατε
989 2433 1050 2498 art.

239 2566 243 2574 ·
288 2545 390 2609 SohoI.
421 2543 482 2608 ἔστι
509 2544 539 2608 δὲ
570 2546 603 2609 ἐκ
627 2548 741 2625 Κρητῶν
764 2546 931 2625 Εὐριπίδου.
957 2545 1004 2611 De
1029 2568 1091 2629 qua
1114 2545 1272 2630 tragoedia
1297 2568 1360 2609 non

243 2658 381 2721 multum
402 2657 554 2721 norimus.
579 2655 682 2721 Schol.
708 2660 789 2721 849:
813 2659 841 2720 ἐν
866 2658 923 2738 γίιρ
947 2665 1009 2731 τοῖς
1033 2657 1138 2738 Κρησίν
1164 2655 1276 2739 Ἴκαρον
1300 2682 1356 2735 μο-

241 2771 386 2851 νῳδοῦντα
410 2769 533 2842 ἐποίησε.
559 2768 657 2833 Poeta
680 2769 840 2833 historiam
864 2769 1030 2855 Pasiphaes
1053 2777 1200 2835 tractasse
1223 2772 1358 2835 videtur.

241 2882 290 2948 Cf.
314 2865 448 2960 Nauck„
474 2882 538 2965 qui,
558 2882 594 2945 fr.
619 2886 694 2960 474,
718 2883 853 2967 primum
871 2888 998 2946 tantum
1017 2906 1139 2948 versum
1160 2881 1360 2946 Cretensibus

241 2994 408 3059 adiudicat.
439 2996 635 3078 Argumenta
658 3017 721 3058 non
744 2994 876 3059 addidit.
901 2994 1064 3059 Crederem
1090 2997 1234 3078 equidem
1254 3017 1362 3059 verum

243 3131 314 3171 eum
338 3109 450 3186 dicere,
473 3108 500 3171 si
523 3114 677 3171 constaret
701 3106 792 3171 verba
814 3109 885 3171 ἀλλ’
909 3109 970 3172 κτὲ.
996 3130 1033 3171 ex
1054 3107 1134 3171 Icari
1154 3108 1298 3172 monodia
1312 3107 1362 3170 de·

244 3229 347 3286 sumta
383 3245 457 3302 esse,
490 3246 508 3285 a
538 3244 600 3304 quo
631 3223 767 3285 alienum
800 3228 867 3285 erat
898 3220 1061 3286 Cretenses
1091 3222 1124 3285 in
1149 3245 1232 3285 arma
1255 3243 1362 3285 vocare

244 3335 390 3401 adversus
413 3359 516 3420 regem
540 3336 690 3399 Minoem.
714 3336 758 3398 At
779 3337 837 3398 hoc
860 3335 988 3398 minime
1012 3341 1143 3400 constat.

242 3557 297 3624 Vs.
323 3552 427 3623 1383.
463 3557 510 3624 εἴθ’
534 3558 626 3640 ὤφελ’
650 3559 710 3623 κτὲ.
736 3558 815 3624 Itur.
841 3557 925 3622 Med.
956 3561 985 3622 1.

242 3781 295 3847 Vs.
324 3774 426 3845 1383.
462 3781 606 3861 Σπερχειὲ
629 3780 747 3857 ποταμὲ
770 3778 909 3857 βούνομοί
926 3781 953 3842 τ’
976 3779 1160 3859 ἐπιστροφαί.

288 3895 389 3959 Schol.
413 3892 474 3957 ἔστι
498 3893 529 3957 δὲ
550 3895 583 3957 ἐκ
607 3893 786 3966 Φιλοκτήτου
809 3891 976 3972 Αἰσχύλου.
1001 3891 1052 3956 Fr.
1079 3895 1141 3956 345
1162 3891 1214 3971 Ν.,
1238 3894 1300 3955 343
1322 3892 1361 3955 D.

243 4005 345 4071 Verba
368 4007 514 4070 videntur
536 4005 741 4070 Philoctetae.

243 4228 297 4294 Vs.
324 4220 429 4291 1391.
464 4228 514 4291 οὐκ
536 4224 597 4291 ἔστι
622 4228 738 4299 Πειθοῦς
762 4227 815 4307 ἱρὸν
838 4223 914 4290 ἄλλο
937 4225 1014 4298 πλὴν
1036 4225 1131 4303 λόγος.

290 4339 392 4405 Schol.
406 4336 439 4414 ἐξ
449 4340 620 4418 Ἀντιγόνοις
633 4338 800 4419 Εὐριπίδου,
813 4338 851 4402 de
864 4337 1156 4422 quavidhipimetr.
1168 4335 1275 4400 11111.
1289 4337 1361 4400 170.
