3218 5370
301 632 341 694 76
802 651 874 694 mx.

280 815 353 891 151,
386 813 539 877 coniciens
569 814 754 877 Morsimum
782 816 888 879 drama
917 816 1059 880 Medeam
1092 818 1252 902 scripsisse
1277 819 1310 882 in
1334 841 1397 902 quo

215 974 217 978 .
278 924 396 989 Iasonis
419 934 522 1011 parfes
545 927 643 1010 egerit
666 927 859 991 Melanthius
883 927 928 991 Of.
955 932 1016 992 801
1039 952 1104 1012 sqq.
1125 930 1248 994 Nauck.
1269 944 1298 1015 p.
1323 934 1396 995 652.
1500 942 1511 951 ”

280 1160 333 1225 Vs.
361 1155 453 1224 1063
478 1184 543 1245 sqq.
568 1158 589 1225 ὦ
611 1162 708 1240 μέλεον
732 1162 825 1236 θνητοὶ
849 1164 898 1228 aa}
920 1164 1012 1238 νθπνον
1035 1167 1097 1230 asi.

325 1272 524 1357 Colloquium
557 1274 718 1355 Hieroclis,
751 1298 843 1358 quem
873 1277 977 1341 ridens
1007 1301 1112 1342 servus
1142 1280 1283 1352 θννπθλον
1309 1288 1399 1345 vocat

276 1409 318 1449 νε.
355 1389 451 1465 1124,
477 1392 509 1450 et
530 1387 670 1472 Trygaei,
695 1411 795 1472 usqne
819 1390 858 1452 ad
881 1413 924 1453 νε.
952 1393 1048 1468 1114,
1071 1392 1221 1455 continua
1243 1400 1290 1456 est
1312 1415 1399 1478 paro·

276 1498 328 1561 dia
359 1499 508 1562 sermonis
539 1499 619 1584 epici
648 1523 709 1583 quo
741 1501 880 1565 confecta
904 1509 992 1566 erant
1015 1503 1149 1581 oracula,
1174 1505 1212 1567 cf.
1237 1505 1295 1589 nq.
1322 1507 1397 1584 197,

277 1613 336 1675 Αν.
370 1613 432 1674 967
465 1634 530 1695 sqq.
561 1612 660 1676 Locos
683 1612 812 1677 Homeri
836 1615 973 1678 contulit
994 1613 1086 1679 Ribb.
1111 1619 1158 1679 De
1181 1639 1237 1681 κεν
1257 1621 1399 1700 perediae

277 1749 326 1807 ορ.
359 1748 427 1788 οοοκ.
459 1728 529 1788 Αθθ.
561 1727 640 1789 Parc
662 1728 686 1789 I
700 1751 731 1808 ρ.
757 1730 796 1789 21
821 1750 878 1810 sqq.
910 1727 962 1791 Vs.
986 1731 1070 1791 1092
1090 1728 1206 1812 legitur
1225 1728 1265 1792 11.
1286 1729 1303 1792 Ι
1322 1734 1397 1811 464,

278 1861 320 1901 νε.
347 1841 429 1903 1097
455 1838 493 1901 11.
518 1838 567 1901 IX
592 1841 643 1902 63.

279 2061 333 2125 Vs.
361 2054 464 2124 1177.
568 2058 664 2135 ξουθὸς
687 2062 918 2142 ἱπποολεκπρνών.

324 2173 425 2237 Schol.
449 2172 528 2237 Van.
553 2179 604 2237 τοῦ
635 2174 703 2254 παρ’
729 2174 873 2255 Αἰσχύλῳ
897 2175 1040 2248 πολλοθκνς
1060 2177 1092 2260 (1.
1113 2178 1142 2239 ἕν
1160 2178 1323 2258 Μνρμνδθσν
1344 2176 1398 2261 Ν.)

280 2286 432 2360 κληθέντος
463 2286 706 2367 ἱπποολεκπρνθνος
736 2287 765 2350 ὃν
796 2285 843 2350 ἀεὶ
866 2288 1034 2368 κωμῳδοῦσι
1057 2288 1204 2367 λεχθέντα
1228 2292 1257 2353 ἐν
1280 2298 1398 2369 Μυρμι-

278 2399 338 2463 δθσν
374 2400 407 2482 (1.
440 2398 584 2471 πολλάκις
614 2399 668 2482 Ν.)
698 2398 857 2477 μέμνηται.
893 2401 1004 2464 Aesch.
1037 2401 1073 2464 fr.
1105 2404 1166 2465 139
1191 2401 1245 2480 Ν,
1272 2403 1397 2466 1371).

279 2512 434 2589 Welcker,
458 2516 506 2576 Da
523 2513 644 2594 pic-toro
666 2514 845 2592 ονοονεθὶοο,
868 2495 969 2596 script.
995 2515 1065 2577 mira.
1086 2516 1148 2578 III
1158 2538 1189 2596 ρ.
1212 2517 1286 2577 413.
1308 2506 1396 2578 Ιθειν]

278 2627 400 2689 ridetur
425 2626 601 2709 equigallus
626 2627 684 2688 Av.
710 2627 772 2689 800
798 2632 829 2688 et
852 2626 930 2689 Rari.
956 2628 1031 2690 932.

277 2847 331 2912 Vs.
359 2840 452 2909 1210
476 2868 540 2929 sqq.
566 2846 624 2923 οἴμ’
647 2849 683 2918 ὡς
707 2847 897 2927 προθέλυμνόν
920 2847 963 2923 μ’,
989 2842 1009 2910 ὦ
1033 2848 1172 2929 Τρνγοοῗ,
1189 2850 1363 2923 ὀὶπώλεοονς.

324 2961 490 3024 Armorum
513 2960 655 3036 artifices,
675 2959 789 3042 quibus
808 2983 869 3045 pax
889 2961 1077 3025 detrimento
1098 2968 1154 3039 est,
1168 2962 1273 3025 dolore
1286 2963 1398 3041 affecti,

136 3066 142 3075 ’
246 3076 250 3085 ’
277 3073 411 3157 graviori
434 3079 571 3135 utuntur
594 3094 733 3136 sermone
757 3073 844 3155 quali
865 3080 984 3136 veteres
1004 3073 1112 3136 heroes
1131 3080 1186 3135 aut
1210 3062 1307 3157 reges.
1326 3084 1398 3156 Προ-

278 3186 416 3263 θὲλνμνος
440 3209 499 3250 vox
522 3194 568 3249 est
592 3185 767 3250 Homerica.
791 3185 975 3250 Loricarum
999 3187 1121 3249 artifex.
1146 3210 1189 3250 νε.
1216 3183 1319 3249 1224ε

565 3299 595 3362 πί
617 3297 667 3362 δορὶ
691 3297 825 3389 δεκοθμνῳ
849 3299 922 3378 τῷδε
946 3299 1068 3378 θοθρκκος
1090 3298 1169 3361 κθπεν

566 3459 852 3474 ......
899 3412 1051 3491 χρήοομοον
1074 3409 1188 3481 ποθλοοςι

322 3524 520 3609 Paraphrasis
552 3524 672 3603 θθροοκος
704 3520 789 3595 κθπος
820 3545 883 3586 non
916 3524 1011 3607 magis
1036 3522 1211 3586 comoediae
1235 3530 1282 3585 esf
1305 3544 1399 3605 quam

277 3637 402 3708 οθοπίδος
431 3636 516 3707 κθπος
547 3635 622 3698 Eur.
652 3636 689 3698 fr.
717 3637 779 3696 185
806 3657 862 3718 pro
886 3635 976 3706 θοοπθς
999 3641 1031 3697 et
1054 3633 1255 3696 Homericum
1280 3634 1399 3713 θώρηκος

278 3748 389 3827 μθοολον
413 3770 468 3833 pro
492 3744 590 3826 θώρηξ.
616 3746 695 3809 Cum
718 3752 822 3809 antem
848 3746 941 3809 etiam
965 3769 1008 3809 vs.
1036 3748 1120 3808 1210
1146 3745 1337 3826 προθέλυμνος
1361 3727 1399 3808 en

280 3864 416 3925 Homero
446 3859 579 3944 petitum
612 3860 663 3935 sit,
694 3857 853 3943 probabile
887 3863 933 3922 est
962 3858 1077 3921 librum
1109 3857 1319 3921 Ravennatem
1343 3858 1398 3938 qui

279 3974 397 4052 θώρηκος
425 3971 527 4048 habet,
558 3971 725 4055 genuinam
749 3993 883 4034 servasse
906 3970 1082 4033 lectionem.
1107 3967 1153 4031 Cf.
1180 3969 1278 4031 Mein.
1302 3967 1396 4032 Vind.

279 4088 332 4149 Ar.
356 4106 386 4169 p.
412 4088 464 4147 48.

321 4195 422 4259 Versu
445 4198 529 4258 1250
553 4195 711 4279 galearum
734 4195 853 4279 opifex:

564 4303 584 4370 ὦ
608 4306 788 4386 δνσκοθθοορπε
811 4306 924 4382 δοοῖμον,
951 4304 987 4378 ὥς
1011 4305 1046 4383 μ’
1069 4306 1239 4377 οθποθλεσοος.

278 4419 377 4483 verbis
400 4443 416 4483 e
438 4420 563 4503 tragicis
586 4418 735 4501 loquendi
758 4417 899 4481 formulis
921 4418 1038 4503 politis.
1064 4415 1130 4489 ’Ὧς
1154 4418 1189 4493 μ’
1213 4417 1268 4479 οθπ.
1294 4416 1395 4480 Orest.
