3218 5370
657 583 889 628 Acnrnunusns
935 593 938 598 ·
1109 609 1111 613 «
1267 569 1308 628 23

260 751 331 832 Quo
355 752 445 815 modo
469 758 540 836 post
561 750 691 835 Telephi
713 751 884 815 orationem
902 752 1085 835 processerit
1105 751 1265 836 tragoedia
1284 775 1319 814 ex

215 887 330 951 ponere
354 863 486 927 conabor
508 863 550 928 ad
571 863 903 948 Thesmophorianusas
926 867 979 949 (vs.
1006 866 1090 947 692).

214 1094 268 1160 Vs.
293 1089 374 1161 637.
434 1174 437 1179 .
509 1096 698 1178 ἰοστεφάνους

258 1208 341 1273 Usus
370 1216 417 1274 est
447 1209 594 1294 epithetis
625 1209 789 1290 ἰοστέφανοι
820 1215 851 1273 et
881 1208 1003 1289 λιπαραὶ
1030 1208 1194 1287 Pindarus,
1218 1208 1331 1293 Bergk.

214 1322 251 1385 fr.
277 1326 329 1400 54,
921 1400 924 1406 Ι

257 1432 308 1498 ’Ὧ
332 1434 383 1499 ταὶ
405 1434 528 1515 λιπαραὶ
552 1435 601 1499 καὶ
625 1435 789 1515 ἰοστέφανοι
812 1434 863 1500 καὶ
887 1435 1013 1512 οὲοέδιμοι

261 1547 407 1619 Ἐλλοέδος
430 1546 558 1628 ἔρεισμα,
583 1555 695 1612 κλεῖναι
718 1547 859 1621 Ἀθᾶναι,
884 1549 1027 1625 δαιμόνιον
1040 1546 1225 1635 πτολίεθρον.

260 1657 380 1722 Similia
411 1660 560 1744 leguntur
583 1660 695 1724 Isthm.
721 1660 757 1722 Π
784 1664 835 1754 tl),
860 1659 952 1743 Pyth.
977 1659 1043 1722 VII
1069 1661 1085 1721 1
1110 1665 1142 1721 et
1164 1659 1277 1743 passim
1297 1660 1330 1722 in

152 1806 154 1810 =
214 1772 382 1857 tragoediis
412 1771 503 1858 Soph.
529 1780 561 1836 et
583 1773 677 1850 Eum
702 1774 756 1836 Ar.
781 1772 839 1855 Eq.
866 1774 961 1851 1329,
987 1771 1072 1835 Nub.
1098 1773 1172 1849 300,
1195 1772 1232 1833 fr.
1260 1773 1332 1833 162.

216 1991 269 2056 Vs·
296 1985 500 2055 659-664.
525 1996 593 2074 πρὸς
616 2000 716 2058 ταῦτα
738 1993 835 2057 Κλέων
859 1991 910 2056 καὶ
934 1990 1132 2069 salandras

525 2104 576 2170 καὶ
601 2111 662 2168 τοῖν
684 2107 730 2168 ἐτ’
753 2104 818 2183 ἐμοὶ
842 2102 1048 2168 τεκταινέσθω.
1074 2105 1133 2166 κτὲ.

262 2217 310 2280 Fr.
337 2220 411 2281 910.
434 2218 639 2303 Euripideum
671 2241 735 2281 esse
765 2218 868 2281 locum
890 2217 980 2280 docet
1005 2217 1132 2293 Suidas3
1159 2241 1174 2278 e
1197 2214 1334 2299 Telepho

217 2331 353 2414 petitum
390 2353 454 2394 esse
484 2352 596 2414 magna
626 2332 691 2393 veri
719 2330 820 2414 specie
852 2330 984 2392 coniecit
1013 2328 1126 2410 Bergk.
1151 2327 1211 2390 Pro
1236 2326 1336 2389 verbis

215 2443 382 2526 fragmenti
405 2443 473 2523 πρὸς
496 2441 587 2507 ταῦθ’
611 2441 628 2506 δ’
647 2467 675 2506 τι
698 2443 756 2522 χρὴ
781 2464 851 2506 cum
876 2440 1031 2520 Nauckio,
1055 2441 1164 2524 Eurip.
1190 2440 1279 2502 Stud.
1300 2438 1336 2501 Π

219 2577 249 2639 p.
279 2558 330 2634 10,
355 2557 555 2619 restituamus
580 2557 648 2636 πρὸς
671 2554 762 2620 ταῦθ’
788 2554 805 2618 ὅ
825 2579 852 2618 τι
875 2564 944 2635 χρῇ,
970 2556 990 2618 i.
1015 2578 1047 2616 e:
1073 2576 1146 2638 qliae
1169 2555 1249 2617 velit.

215 2775 268 2838 Vs·
294 2769 374 2840 731.
399 2777 469 2839 ἀλλ’
493 2773 514 2839 ὦ
538 2777 646 2857 τοννριὶ
669 2779 742 2858 κώρι’
765 2776 859 2841 oldaia
882 2768 998 2855 τατρές.

158 2894 160 2896 ’
258 2887 360 2952 Verba
383 2890 523 2972 graviora
547 2911 601 2973 pro
625 2890 801 2953 conditione
825 2888 968 2966 hominis,
991 2890 1045 2970 qui
1065 2889 1144 2952 filias
1163 2911 1234 2951 suas
1253 2888 1332 2966 fame
1390 2891 1393 2913 '

215 3000 367 3064 confectas
392 3002 513 3065 venales
536 3002 633 3082 affert,
659 3025 729 3066 mox
753 3010 790 3065 ut
812 3002 965 3087 percellas
988 3001 1182 3064 venditurus.
1205 3000 1261 3063 Est
1282 3022 1334 3084 pa-

214 3115 418 3197 ratragoedia.
538 3155 540 3159 -
682 3103 684 3107 ’

216 3333 269 3397 Vs.
295 3328 376 3398 881.
413 3332 433 3399 ὦ
468 3331 658 3416 τερπνότατον
689 3338 724 3400 σὺ
755 3337 892 3415 τέμαχος
924 3335 1085 3416 ἀνθρώποις
1117 3336 1217 3417 Φέρων.
1250 3334 1333 3397 Mihi

209 3447 289 3515 ‚haec
311 3448 430 3532 legenti
452 3449 606 3512 succurrit
628 3471 734 3512 versus
758 3448 811 3511 ille
836 3449 1043 3532 Aeschyleus:

457 3557 478 3624 ὦ
501 3563 588 3626 κοινὸν
611 3562 761 3642 ὠφέλημα
783 3560 931 3635 θνατοῖσιν
954 3562 1066 3642 Φανείς,

212 3656 304 3736 verba
333 3673 389 3736 Ius
420 3672 641 3737 Prometheum
672 3674 876 3757 agnoscentis,
908 3695 997 3756 quae,
1029 3673 1169 3755 quamvis
1197 3674 1230 3735 in
1254 3673 1332 3735 mul-

213 3785 253 3848 tis
286 3785 471 3869 discrepent,
502 3807 567 3848 non
597 3793 702 3849 tamen
732 3786 824 3870 plane
853 3808 871 3846 a
903 3792 1008 3848 nostro
1030 3807 1119 3848 versu
1144 3785 1244 3847 aliena
1269 3807 1332 3847 esse
1359 3816 1366 3828 ·

213 3898 361 3981 suspicor.
399 3896 534 3960 Videtur
568 3897 626 3960 hoc
662 3896 808 3981 Aeschyli
843 3897 910 3959 loco
945 3897 1090 3960 accidisse
1124 3896 1207 3978 quod
1238 3895 1333 3979 pluri-

215 4008 272 4071 mis
294 4009 364 4071 aliis
389 4010 437 4092 (cf.
464 4007 537 4071 Cob.
564 4008 638 4072 Var.
663 4009 735 4072 lect.
761 4031 791 4093 p.
818 4011 848 4092 9)
872 4008 985 4072 accidit
992 4036 1001 4085 ;
1026 4008 1144 4071 locutio
1167 4008 1240 4070 inde
1264 4014 1332 4070 orta

104 4188 106 4192 ,
213 4127 271 4198 est,
296 4143 400 4210 quam,
425 4128 533 4185 utres
557 4121 745 4206 postulabat,
769 4121 808 4184 ad
831 4143 922 4184 suum
947 4143 1038 4184 usum
1062 4121 1193 4203 quisque
1216 4141 1332 4183 accom-

212 4232 367 4297 modabat.
392 4232 442 4296 Sic
465 4235 576 4298 chorus
599 4234 752 4317 Equitum
778 4236 844 4317 (Ar.
869 4234 926 4316 Eq.
953 4236 1027 4317 836)
1051 4233 1211 4297 audaciam
1235 4241 1266 4296 et
1289 4233 1331 4294 f-

213 4347 358 4410 oundiam
383 4348 558 4430 Agoracriti
581 4349 746 4426 admirans,
771 4348 935 4410 exclamat:
