3218 5370
746 605 862 650 aaran.
1276 584 1338 645 139

287 771 420 837 Vexavit
443 773 494 836 hic
517 773 604 836 locus
627 779 746 834 veteres
769 772 954 854 interpretes
972 777 1010 832 ut
1029 793 1085 833 nos
1105 771 1217 833 docent
1236 769 1361 832 scholia.

242 885 282 950 In
313 885 389 949 Rev.
420 885 550 968 aliisque
574 883 734 948 codicibus
758 884 948 967 adscriptum
974 889 1037 946 est:
1064 881 1170 962 Ἱερέως
1193 882 1267 952 τινὸς
1291 881 1361 944 alao-

241 1000 406 1069 λινθιῦνπις
431 999 511 1077 3ιύπῷ
535 997 693 1075 pteram.
720 996 780 1059 Sed
804 997 947 1079 quisnam
972 994 1362 1058 133111111333331113331

242 1111 326 1174 unde
347 1111 468 1175 venerit
490 1133 552 1174 uon
574 1117 670 1195 patet.
695 1109 884 1173 Scholiastae
908 1110 1012 1193 opinio
1035 1108 1117 1171 nihil
1140 1116 1186 1171 est
1209 1109 1269 1170 nisi
1292 1130 1363 1171 con·

242 1225 361 1288 iectura
392 1246 454 1307 qua
482 1246 560 1308 opus
592 1247 656 1287 esse
688 1222 898 1286 arbitrabatur
928 1229 965 1284 ut
989 1223 1073 1285 hunc
1097 1244 1218 1285 versum
1243 1227 1275 1283 et
1299 1223 1362 1282 308

243 1338 421 1422 explicaret.
458 1337 589 1421 Opinati
620 1344 694 1399 sunt
724 1336 788 1415 alii,
820 1334 935 1418 quibus
959 1334 1128 1398 assentitur
1150 1334 1264 1417 Enger,
1290 1332 1363 1395 Dio-

151 1533 154 1542 Ι
241 1473 353 1535 nysurn
376 1473 481 1514 revera
505 1451 679 1534 confugisse
703 1450 742 1512 ad
765 1450 953 1512 sacerdotem
978 1447 1101 1527 Bacchi,
1125 1447 1180 1530 qui
1208 1447 1241 1509 in
1265 1447 1365 1530 prima

241 1563 367 1627 sedebat
390 1585 491 1626 cavea.
517 1563 620 1643 Quam
644 1563 831 1625 sententiam
852 1563 920 1624 iure
939 1562 1136 1645 impugnavit
1154 1559 1253 1622 Koch.
1275 1559 1364 1639 Quae

185 1706 187 1711 ·
242 1675 331 1739 addit
355 1675 526 1738 Scholiasta
549 1675 702 1754 φκίνννπνιι
726 1674 756 1737 δὲ
780 1676 830 1737 οὐκ
854 1668 923 1736 εἶνιιι
947 1671 996 1736 ἐπὶ
1021 1677 1071 1736 aab
1091 1672 1211 1749 λογείου,
1227 1672 1302 1735 ἀλλ’
1316 1670 1363 1734 ἐπὶ

241 1796 295 1862 τῆς
330 1788 503 1868 ὀρχήστραις,
539 1790 567 1851 ἐν
597 1784 615 1867 ᾖ
645 1789 658 1850 ὁ
689 1792 825 1859 Διόνυσος
856 1786 940 1863 ἑνέβκ
971 1784 1022 1848 nal
1047 1787 1059 1848 ὁ
1084 1790 1177 1856 πλοῦς
1200 1786 1364 1847 ἑπεπελεῖσι

242 1902 308 1964 sine
332 1900 397 1964 ulla
421 1923 513 1964 33333
536 1901 608 1963 ficta
632 1906 716 1963 sunt.
737 1899 866 1962 Frustra
889 1893 1362 1961 113333133131331313313313

242 2038 291 2078 res
322 2015 484 2098 perspicua
511 2015 560 2076 sit.
594 2013 682 2076 Sicut
713 2013 795 2075 enim
819 2013 991 2075 sacerdotes
1015 2012 1108 2074 deum
1131 2011 1295 2094 implorare
1319 2033 1378 2073 3ο-7

243 2128 320 2204 1331,
356 2149 442 2190 nunc
477 2126 553 2189 deus
582 2126 748 2210 Dionysus,
780 2127 835 2208 qui
867 2149 898 2189 se
928 2127 994 2209 ipse
1022 2127 1055 2188 in
1079 2125 1232 2188 auxilium
1256 2147 1364 2188 vocare

247 2241 370 2323 nequit,
401 2240 598 2303 sacerdotem.
631 2239 677 2301 Cf.
703 2239 859 2301 Koclriurn
883 2262 910 2303 a.
935 2239 966 2300 h.
991 2238 1012 2300 1.
1037 2237 1130 2301 Nihil
1153 2237 1240 2300 aliud
1264 2237 1364 2300 voluit

250 2356 305 2418 Ar.
337 2375 431 2436 quam
462 2359 563 2436 partes
592 2358 768 2437 permutare
791 2373 893 2434 neque
917 2351 1020 2413 minus
1043 2351 1171 2413 festivus
1195 2355 1275 2412 esset
1299 2349 1365 2412 eius

244 2467 331 2530 iocus
354 2467 380 2528 si
404 2466 513 2529 nullus
535 2466 569 2528 in
592 2465 715 2527 theatro
738 2464 888 2527 adfuisset
912 2463 1060 2526 sacerdos.

287 2580 408 2642 Erroris
442 2601 547 2642 ansam
582 2578 679 2655 dedit,
710 2579 744 2640 ni
773 2577 874 2656 fallor,
905 2577 981 2639 13133
1010 2575 1228 2660 interpretatio
1258 2597 1364 2637 versus

247 2695 320 2755 308.
347 2691 438 2754 Metu
461 2691 611 2755 liberatus
635 2690 787 2753 exclamat
812 2689 983 2774 Dionysus:

488 2802 560 2881 alpoz
582 2802 691 2875 πνέλιις,
715 2805 751 2873 ὡς
776 2802 897 2882 ὠχρι’νισ’
922 2800 1013 2874 adria
1036 2802 1109 2874 raca,

289 2918 351 2982 Oui
374 2918 541 3002 respondet
564 2916 737 2979 Xanthias:
1126 2907 1129 2912 ⁸

488 3031 529 3094 111
553 3031 583 3094 δὲ
607 3030 704 3101 δείσαις
729 3029 948 3110 ὑπερεπυρρίασέ
970 3053 1030 3093 σιν.

289 3145 369 3225 Quis
392 3150 439 3208 331
461 3144 529 3211 ill?
553 3145 793 3228 Responderunt
816 3144 871 3206 alii
896 3144 996 3207 aliter.
1021 3142 1180 3227 Plerique,
1205 3143 1363 3207 Hemster-

244 3259 325 3336 huis,
357 3258 505 3334 Fritsche‚
536 3257 634 3336 Koch,
659 3257 875 3320 assentiuntur
898 3256 1100 3339 grammatico
1124 3257 1179 3338 qui
1202 3257 1364 3319 annotavit

244 3395 287 3434 vs.
315 3374 396 3434 308:
421 3369 433 3434 ὃ
457 3376 508 3434 τοῦ
534 3370 670 3434 Διονύσου
694 3369 788 3450 ἱερεύς.
814 3371 914 3450 πυρρὸς
938 3369 994 3449 γὰρ
1015 3364 1048 3442 ἦν
1067 3369 1147 3433 aare
1168 3368 1264 3447 Φύσιν.
1281 3369 1365 3432 Α113-

244 3484 370 3547 tarchus
406 3485 530 3568 putavit
564 3483 601 3546 de
637 3506 669 3545 33
699 3483 766 3567 ipso
796 3483 884 3565 loqui
916 3482 1096 3561 Xanthiam,
1129 3481 1181 3545 κιιὶ
1213 3482 1270 3562 γιίρ
1294 3480 1364 3545 διότι

246 3598 355 3677 πυρρὸς,
379 3594 466 3668 οὕτως
489 3590 704 3673 ἐπικεκλῆσθαι,
729 3597 857 3676 κιιθιὶπερ
879 3597 999 3676 Πνρρίνις
1020 3594 1071 3659 aa)
1091 3596 1256 3674 Σμικρίνκς.
1274 3595 1365 3657 Ixion

245 3716 351 3772 contra
380 3709 516 3791 aliquem
547 3732 584 3771 ex
615 3707 809 3772 auditoribus
834 3709 909 3793 peti.
936 3709 1028 3771 Alius
1052 3709 1142 3771 cuius
1165 3730 1278 3770 nomen
1300 3730 1365 3770 non

246 3821 381 3900 additur,
411 3829 560 3905 reputans
588 3820 646 3884 sub
679 3822 897 3905 Aristophanis
921 3821 1110 3885 dictionibus
1136 3819 1365 3884 obscurioribus

245 3957 334 4018 saepe
357 3935 439 3998 iocos
462 3935 565 4011 minus
588 3935 733 3997 honestos
756 3935 861 4013 latere,
888 3935 926 3997 de
951 3936 1041 4015 πνρρῷ
1065 3934 1159 4015 attola
1183 3935 1341 4016 cogitavit.

288 4048 409 4111 Harum
440 4048 735 4131 interpretationum
767 4047 856 4109 nulla
889 4047 1048 4110 satisfacit.
1075 4045 1148 4109 Non
1176 4053 1231 4123 est,
1256 4047 1364 4124 fateor,

244 4165 300 4223 τῶν
331 4159 480 4224 aeviaeui
512 4182 603 4222 versu
634 4163 696 4221 308
728 4161 916 4222 sacerdotem
942 4159 1054 4225 Bacchi
1077 4161 1152 4244 peti,
1177 4160 1232 4242 qui
1256 4166 1292 4222 ut
1315 4160 1366 4223 do-

244 4280 316 4336 cent
347 4273 478 4357 Eupolis
508 4273 541 4335 13
573 4273 667 4335 schol.
701 4296 727 4334 3.
753 4273 783 4334 h.
807 4273 828 4334 l.
854 4276 886 4335 e't
910 4272 1085 4355 Hesychius
1108 4274 1141 4335 in
1164 4295 1239 4335 voce
1263 4268 1365 4352 Ἱερεὺς

246 4387 392 4465 Διονύσον,
427 4386 603 4450 rubicundo
639 4394 705 4448 erat
734 4387 836 4464 vultu,
872 4386 925 4449 sed
961 4393 1026 4448 tam
1058 4386 1183 4450 ieiunus
1214 4394 1262 4450 est
1292 4386 1365 4448 talis
