3218 5370
634 603 866 647 scnnnunnsns.
1268 587 1286 649 3

234 767 361 853 Saepius
385 768 439 832 hos
463 772 567 832 versus
590 775 622 831 ct
645 775 743 831 totam
761 769 841 832 hanc
861 757 1034 833 comoediae
1054 777 1173 854 partem
1192 771 1308 855 legens,

189 881 272 945 haesi
296 887 328 945 et
346 880 384 945 ob
404 882 479 945 alias
498 902 604 945 causas
624 886 656 944 et
675 881 714 944 ob
734 883 924 946 mentionem
945 904 1025 965 quae
1044 883 1079 945 lit
1097 887 1148 947 τοῦ
1167 881 1309 959 ἐπιξήνου.

190 993 342 1072 Truncus,
367 994 452 1077 quali
475 993 552 1057 lanii
575 1000 721 1071 utuntur,
747 996 779 1058 in
803 1018 925 1058 scenam
948 996 1075 1059 affertur
1097 1019 1141 1059 vs.
1164 998 1237 1077 366,
1258 996 1312 1061 Di·

189 1108 342 1192 casopolis
363 1113 457 1192 caput
479 1108 613 1192 imponit
636 1114 668 1170 et
690 1109 733 1170 sic
753 1108 966 1171 Acharnenses
985 1109 1156 1191 alloquitur
1174 1132 1218 1174 vs.
1239 1112 1303 1174 480

191 1242 256 1304 sqq.
277 1218 366 1298 Quae
385 1220 486 1283 omnia
507 1219 626 1283 insulsa
644 1221 748 1304 potius
761 1227 793 1284 et
804 1229 856 1294 τοῖς
869 1204 1007 1302 φορτικῆς
1019 1223 1173 1301 suaptim
1186 1222 1309 1307 propria

192 1355 283 1416 quarn
306 1332 404 1396 facete
423 1332 495 1396 ficta
514 1333 590 1395 rnihi
609 1331 794 1396 videbantur
814 1333 911 1396 donec
930 1333 1026 1396 incidi
1045 1334 1077 1396 in
1098 1334 1308 1418 fragmentum
1359 1389 1361 1392 ,

191 1446 319 1531 Telephi
348 1445 508 1530 Euripidis
539 1448 556 1510 7
561 1448 613 1522 06,
636 1445 720 1528 quod
743 1469 827 1510 nnnc
851 1446 940 1509 video
964 1447 1025 1509 iarn
1049 1469 1066 1508 a
1089 1446 1249 1511 Taeubero
1275 1453 1307 1511 et

190 1558 360 1623 Ribbeckio
384 1559 534 1623 collatum
559 1582 634 1635 esse,

379 1671 585 1749 Ἀγάμεμνον,
611 1671 670 1735 οὐδ’
700 1673 722 1735 εἰ
746 1672 869 1735 πέλεκυν
892 1675 920 1736 ἐν
943 1681 1040 1753 χεροῖν
1063 1671 1140 1752 ἔχων

382 1784 552 1861 μέλλοντος
575 1785 613 1856 εἷς
636 1783 786 1863 τροῖχνλον
810 1784 955 1861 ἐμβαλεῖν
978 1786 1058 1861 ἐμὸν,

381 1897 541 1973 σογήσομοοο
564 1896 663 1960 sinaut
687 1897 717 1972 γ’
742 1898 885 1960 ἀντειπεῖν
910 1894 995 1975 ἔχων.

238 2007 327 2088 Quae
351 2009 442 2072 verba
466 2015 550 2086 sunt,
573 2015 610 2071 ut
630 2007 763 2088 videtur,
784 2010 882 2092 ipsius
903 2004 1142 2093 Telephi'quem
1162 2010 1312 2095 impedire

192 2124 304 2186 volunt
335 2122 444 2186 Graeci
475 2122 642 2205 quominus
670 2121 762 2185 verba
791 2123 893 2186 faciat.
925 2122 996 2185 Huc
1025 2123 1129 2187 trunci
1152 2124 1315 2188 inventum

194 2243 329 2320 spectare
353 2236 518 2299 verisimile
537 2242 594 2315 est,
616 2258 687 2299 cum
707 2236 882 2319 saepissime
897 2236 930 2298 in
943 2235 1195 2302 Acharnensibus
1207 2237 1313 2301 drama

194 2348 348 2433 Telephus
381 2349 609 2434 perstringatur
644 2356 675 2411 ct
705 2349 847 2432 inprimis
879 2371 951 2412 cum
982 2348 1187 2434 Dicaeopolis‚
1220 2357 1315 2435 caput

193 2470 305 2526 trunco
325 2463 487 2546 imponens
507 2469 539 2524 et
559 2463 726 2524 orationem
747 2461 864 2525 hahens
882 2462 1005 2545 qualem
1025 2461 1136 2526 habuit
1148 2462 1312 2547 Telephus,

193 2575 331 2638 eiusdem
354 2574 484 2659 Telephi
507 2576 617 2660 pannis
640 2575 772 2637 indutus
795 2575 900 2651 luerit,
925 2597 967 2638 vs.
989 2575 1052 2637 430
1074 2597 1140 2658 sqq.
1161 2573 1244 2638 Eieri
1263 2598 1315 2660 po-

192 2693 255 2751 test
290 2693 327 2749 ut
360 2688 393 2750 in
423 2687 583 2771 Euripidis
613 2686 773 2771 tragoedia
803 2687 940 2771 Telepho
972 2687 1105 2751 Graecos
1135 2689 1311 2753 allocuturo

193 2800 348 2863 adstiterit
379 2800 467 2863 miles
497 2800 629 2863 securim
661 2823 756 2863 manu
787 2807 906 2877 tenens,
938 2807 970 2863 et
1000 2801 1062 2864 huc
1091 2803 1247 2885 pertineat
1277 2803 1314 2865 f.

193 2913 296 2996 adesp.
322 2913 384 2975 340
409 2910 451 2975 N.

417 3027 503 3098 δεινὸς
527 3026 674 3098 κολοοστίνς
698 3026 823 3098 πέλεκυς
846 3027 971 3105 οούχένος
994 3027 1111 3105 τομεύς,

195 3137 247 3200 sed
270 3145 345 3201 utut
368 3145 423 3217 est,
447 3141 507 3202 nisi
531 3139 605 3202 huic
631 3140 698 3202 loco
722 3141 879 3223 parodiam
910 3141 1006 3203 inesse
1036 3141 1212 3220 statuimus,
1237 3141 1315 3205 nihil

195 3251 354 3315 continere
379 3252 501 3316 videtur
524 3254 608 3335 quod
633 3253 746 3316 summi
769 3253 877 3316 comici
901 3253 1026 3336 ingenio
1049 3254 1178 3336 dignum
1199 3255 1247 3317 sit.
1268 3253 1315 3316 De

195 3363 332 3447 Telepho
355 3365 435 3428 infra
459 3365 550 3450 plura
574 3365 729 3442 dicemus;
755 3366 816 3426 iam
839 3364 876 3427 de
900 3364 958 3427 hoc
982 3365 1049 3429 loco
1070 3365 1239 3429 videndum
1258 3372 1315 3430 est.

240 3476 377 3541 Metrum
413 3478 533 3541 laborat
567 3486 599 3542 et
630 3479 776 3541 orationis
805 3501 912 3542 nexus.
943 3478 1120 3562 Utrumque
1152 3481 1316 3543 restituere

195 3596 325 3654 conatur
358 3590 514 3654 Hamaker
545 3590 676 3654 delendo
707 3614 764 3654 vss.
798 3594 862 3654 316
894 3599 925 3654 et
957 3595 1030 3656 318.
1063 3594 1107 3655 At
1130 3593 1187 3656 hoc
1210 3585 1321 3656 revera

195 3709 241 3765 est
272 3726 361 3767 aanor
391 3704 472 3782 κοοκῷ
497 3704 603 3774 latetur,
629 3726 700 3766 narn
726 3726 801 3766 vsm.
828 3706 890 3766 313
915 3705 1087 3788 respiciunt
1111 3703 1314 3788 Dicaeopolis,

195 3837 238 3877 vs.
260 3817 323 3877 355
344 3822 375 3878 et
396 3815 518 3895 chorus,
540 3839 582 3878 vs.
606 3817 679 3895 364,
701 3823 732 3878 et
750 3817 809 3878 nisi
830 3815 931 3895 fallor,
952 3817 992 3894 τῷ
1011 3813 1134 3895 ἐτνξήνῳ
1153 3816 1317 3901 respondet

195 3927 323 3990 verbum
346 3925 533 4003 κοοτοοξοιίνενν
557 3934 600 3991 is.
627 3931 701 3991 320.

240 4039 344 4104 Aliam
363 4042 584 4124 quaesiverunt
603 4040 754 4104 medelam
775 4041 830 4124 qui
849 4040 977 4104 verbum
997 4041 1134 4121 κεφαλὴν
1154 4040 1317 4105 emendare

196 4153 298 4216 conati
317 4159 401 4233 sunt,
423 4176 557 4237 quorum
576 4155 675 4218 varias
696 4154 899 4231 coniecturas,
921 4155 1157 4236 quatuordecim
1176 4177 1316 4234 numero,

195 4263 328 4348 legimns
346 4266 380 4328 in
400 4265 536 4329 editione
556 4265 715 4332 Muelleri.
735 4266 845 4330 Edidit
864 4265 999 4329 Dindorf
1016 4268 1064 4330 τὸν
1082 4266 1228 4347 λοῖρνμγ’;
1251 4267 1320 4331 aliis

194 4380 330 4459 κεςοοολὴν
359 4380 672 4464 interpretamentum
702 4382 802 4444 visum
833 4386 889 4458 est,
920 4386 958 4443 ut
987 4379 1130 4464 Berghio,
1155 4380 1210 4462 qui
1233 4380 1314 4453 τήνδ’
