3218 5370
261 624 323 685 120
622 642 972 687 rnnsuornoarrzusaa.

238 819 293 884 Vs.
319 813 400 880 692.
432 818 585 898 κέκραχθι·
607 824 690 884 τοῦτο
714 821 740 883 δ’
764 808 900 884 οὐδέποτε
922 821 958 884 σὺ
981 826 1119 900 ψωμιεῖς,

436 928 469 1002 ἢν
493 931 536 1008 μή
561 930 595 1006 μ’
618 932 726 1010 ἀφῆτ’·
750 933 821 995 αλλ’
847 931 940 996 ἔνθαδ’
966 931 1015 995 εἰσί
1039 937 1095 995 τῶν
1119 933 1224 1012 μηρίων
1275 998 1282 1013 x

436 1044 551 1119 πληγὲν
576 1043 717 1124 μαχαίριρ
740 1044 810 1122 τῇδε
832 1044 946 1123 Φαινίας
969 1043 1092 1124 φλέβας

438 1154 661 1231 καθαιματώσει
685 1154 796 1231 βωμόν.

284 1266 448 1350 Tragioum
484 1266 633 1349 loquendi
664 1288 762 1350 genus
793 1265 865 1329 inde
894 1266 932 1329 ab
965 1267 1036 1330 αλλ’
1059 1266 1158 1330 {vetas
1180 1289 1270 1330 nemo
1293 1289 1357 1331 non

241 1380 390 1462 agnoseit.
426 1379 514 1441 Num
543 1401 615 1441 vero
645 1377 771 1462 perodia
801 1380 841 1441 sit
866 1377 1011 1440 dubitant
1035 1378 1138 1461 Enger
1163 1385 1194 1441 et
1217 1379 1358 1443 Fritsohe

241 1490 313 1572 qui:
338 1490 490 1572 „Tragici
513 1490 646 1553 alieuius
669 1490 771 1554 looum
798 1490 848 1552 hie
870 1489 928 1552 sibi
942 1512 1105 1573 agnoscere
1118 1489 1264 1553 videntur
1277 1491 1358 1554 Kus-

241 1609 350 1680 „terus
380 1610 474 1686 atque
505 1603 650 1666 Bothius
681 1602 748 1685 Ego
779 1603 882 1686 potius
913 1626 1020 1666 censeo
1053 1605 1086 1666 in
1111 1626 1143 1666 re
1166 1605 1243 1666 seria
1266 1605 1359 1687 tragi-

240 1738 342 1793 ,‚eum
364 1738 474 1778 sonum
498 1715 536 1778 de
560 1716 714 1779 industria
737 1738 754 1778 a
780 1716 895 1778 eomioo
918 1715 1096 1797 quaesitum
1123 1737 1197 1778 esse.
1222 1715 1304 1778 Nam
1327 1723 1359 1779 et

241 1828 460 1907 „Scholiastae
483 1828 535 1890 hio
558 1833 663 1890 tacent
686 1831 717 1889 et
738 1826 829 1912 plane
852 1825 1021 1889 cavendum
1044 1832 1090 1889 est
1108 1849 1148 1889 ne
1161 1826 1359 1911 parodiarum

242 1963 422 2020 „numerus
445 1939 529 2024 apud
553 1939 793 2023 Aristophanem
817 1945 932 2001 temere
956 1939 1138 2022 augeatur.”

286 2052 465 2117 Cavendum
500 2059 547 2115 est
578 2053 712 2130 omnine,
744 2052 838 2113 miror
867 2057 972 2114 tamen
1003 2051 1130 2114 doetum
1158 2051 1359 2134 interpretem

244 2189 306 2230 non
336 2165 448 2229 vidisse
479 2165 582 2227 locum
611 2164 742 2226 allatum
773 2162 967 2226 manifestam
991 2162 1134 2225 exhibere
1156 2162 1287 2248 Telephi
1310 2186 1361 2247 pa-

243 2278 371 2356 rodiam‚
405 2279 458 2360 qui
490 2277 630 2340 Orestem
663 2274 865 2340 eennabulis
889 2277 995 2359 rapuit
1018 2283 1054 2338 ut
1077 2275 1136 2338 sibi
1159 2274 1246 2339 obses
1270 2282 1359 2339 esset.

244 2390 316 2454 Vid.
349 2391 388 2454 ad
419 2391 495 2453 Aeh.
529 2392 603 2452 326.
635 2388 838 2471 Tragoediam
863 2390 945 2451 enim
968 2388 1140 2473 Telephum
1165 2389 1295 2468 σαρῳδεί
1315 2411 1362 2452 oo-

243 2503 341 2566 mious
363 2503 396 2565 in
421 2501 685 2580 antecedentibus,
711 2504 774 2563 466
799 2523 875 2583 sqq„
896 2523 975 2583 quae
995 2501 1176 2577 orationem,
1198 2522 1291 2582 quam
1311 2501 1362 2563 ha-

242 2613 312 2677 buit
335 2637 388 2676 rex
412 2613 582 2697 Mysorum,
603 2615 722 2677 eteius
744 2614 933 2696 agnitionem
953 2614 1114 2677 continent
1133 2604 1204 2696 (v'id.
1225 2613 1263 2676 ad
1282 2613 1360 2676 Aeh.

244 2729 308 2789 leo
340 2727 428 2810 sqq.)‚
459 2727 504 2789 ita
535 2732 571 2790 ut
600 2750 657 2788 vss.
684 2729 746 2788 692
772 2749 837 2808 sqq.
862 2727 980 2809 legenti
1004 2728 1107 2789 statim
1132 2727 1268 2789 eiusdem
1292 2726 1363 2790 faei-

242 2862 302 2902 nus
336 2841 368 2902 in
398 2846 534 2901 mentem
564 2839 679 2901 veniat.
711 2838 832 2902 Deinde
865 2863 921 2902 αοιν
944 2846 1050 2903 taeent
1075 2838 1264 2902 Scholiastae
1287 2861 1358 2903 oum

243 2959 348 3036 aperte
382 2957 516 3014 testetur
550 2951 652 3014 Sehol.
685 2952 762 3014 Aeh.
796 2954 875 3014 332:
907 2952 947 3015 σα
978 2952 1009 3015 δὲ
1039 2951 1164 3030 μεγαλα
1187 2952 1265 3026 σταίη
1292 2953 1361 3016 ὑσο-

243 3064 341 3143 ιιαίζει
364 3071 417 3136 τῆς
440 3064 604 3143 τραγῳδίας
624 3062 687 3127 ἐπεὶ
709 3064 758 3127 καὶ
775 3065 788 3127 o‘
808 3066 949 3144 Τήλεφος
962 3112 1058 3127 .....
1079 3066 1139 3129 ασὲ.
1160 3065 1362 3144 παραπλήσιον

244 3177 275 3240 δέ
301 3201 329 3240 σι
361 3175 412 3240 καί
440 3178 469 3240 ἕν
500 3183 569 3248 ταῖς
597 3175 903 3256 Θεσμοφοριαζούσαις
925 3177 1064 3249 εἰιοίιςσεν.
1090 3177 1102 3239 ὁ
1125 3177 1182 3256 γαρ
1205 3178 1362 3257 Εὐριπίδου

244 3289 387 3362 κηδεστὴς
418 3289 608 3368 Μνησίλοχος
638 3289 894 3366 ἐπιβουλευόμενος
927 3288 1006 3368 παρα
1030 3293 1085 3351 τῶν
1108 3293 1250 3365 γυναικῶν
1273 3289 1362 3353 aruer

242 3400 380 3481 ripaealtae
404 3400 484 3481 σαριί
506 3425 579 3473 τινος
604 3403 739 3478 γυναικὸς
763 3403 800 3472 ὡς
824 3400 859 3465 lev
883 3400 995 3464 παιδίον
1013 3402 1186 3464 οίσοκσείναι
1213 3400 1361 3478 βούλεται.

286 3512 426 3576 Eandem
460 3513 558 3596 igitur
588 3512 736 3577 habemus
768 3514 928 3598 parodiam
951 3533 1056 3596 «quam
1088 3513 1164 3577 Aeh.
1190 3515 1253 3575 326
1278 3536 1361 3600 sqq.;

244 3649 315 3688 oum
339 3630 443 3687 autem
466 3626 499 3688 in
524 3625 775 3690 Acharnensibus
798 3627 888 3710 pueri
914 3632 1021 3710 raptus
1041 3632 1114 3689 ante
1134 3627 1258 3709 longam
1276 3626 1362 3690 illam

243 3738 372 3822 Telephi
403 3739 574 3801 orationem
605 3746 749 3824 ponatur,
783 3740 815 3801 in
846 3738 1032 3824 Thesmoph.
1063 3746 1169 3801 eontra
1192 3744 1262 3822 post
1285 3761 1363 3816 eam,

245 3851 458 3936 quaerendum
495 3858 541 3913 est
570 3872 736 3936 quamnam
770 3851 801 3913 in
832 3850 990 3934 tragoedia
1013 3849 1158 3914 habuerit
1181 3850 1294 3914 sedem.
1318 3851 1364 3912 Ea

244 3963 283 4025 de
312 3985 345 4025 re
375 3970 447 4047 post
469 3963 625 4042 Geelium,
652 3961 862 4042 Welekerum,
888 3963 1061 4027 Schollium
1085 3962 1257 4047 disputavit
1281 3961 1363 4025 Jahn

242 4075 276 4136 in
299 4074 449 4157 opusculo
473 4076 534 4136 iam
554 4074 592 4136 ad
617 4075 694 4137 Aeh.
720 4074 856 4152 laudato,
886 4077 1020 4156 Τοίορίοι
1042 4078 1106 4137 arod
1131 4075 1250 4137 Troilus.

287 4186 325 4249 In
350 4187 505 4272 plerisque
528 4188 579 4249 hie
604 4210 667 4250 rem
691 4210 749 4250 aen
773 4187 897 4270 tetigit3
917 4188 999 4250 inest
1016 4194 1121 4250 tamen
1142 4189 1174 4250 in
1187 4189 1364 4271 argumenti

242 4299 417 4382 tragoediae
450 4300 640 4383 expositione
672 4300 747 4364 levis
776 4323 867 4378 error,
893 4323 985 4388 quem
1010 4299 1047 4364 ab
1071 4301 1279 4385 Aristophane
1302 4323 1364 4365 mo·

242 4410 304 4475 niti
322 4409 432 4477 tollere
456 4433 632 4498 possumus.
