3218 5370
268 594 331 654 lta
747 613 862 656 aaran.

243 776 347 840 Mr‘vaa
379 783 410 838 et
435 779 498 840 ί375
527 778 554 840 τὸ
577 779 634 858 yda
657 778 773 855 Στυγὸς
796 816 840 823 -
863 778 983 858 ποιίζωι.
1009 777 1130 841 Deinde
1154 777 1254 841 Sclrol.
1280 776 1364 841 Ven.

243 887 293 951 aa}
317 889 356 950 τοὶ
379 890 433 965 μὲν
456 890 548 968 {aursi
573 889 712 952 πλοὶττοιι
736 889 824 967 λέγει,
849 890 921 954 rothe
943 889 977 962 ἕξ
1001 891 1158 970 Εὐριπίδου
1178 891 1246 970 πρὸς
1267 889 1362 969 Φόβοι

245 1000 389 1063 Διονύσου.
414 999 491 1064 Ood.
516 1001 650 1088 denique
676 1001 755 1065 Flor.
782 1013 808 1065 Θ
831 1002 925 1065 habet
952 1004 984 1067 ἐκ
1008 1002 1125 1077 Θησέως
1149 1003 1316 1083 Εὐριπίδου.

286 1112 411 1175 Dicitur
445 1114 544 1197 igitur
575 1114 712 1178 Theseus
743 1117 818 1179 Τοίιι
850 1119 965 1194 Στυγὸς
994 1118 1055 1180 κτὲ.
1086 1117 1271 1180 vociferatus
1295 1139 1360 1179 esse

243 1225 381 1288 Minoem
406 1224 520 1288 adiens.
545 1228 589 1289 At
613 1228 683 1312 quis
708 1227 834 1291 credat?
852 1227 971 1291 Acerba
989 1251 1062 1292 sane
1082 1229 1247 1312 protulerit
1259 1226 1361 1305 verba,

243 1338 275 1401 in
300 1361 402 1422 regem
425 1339 567 1401 invectus
590 1341 630 1403 sit
653 1341 708 1426 qui
731 1364 842 1424 pueros
866 1342 1051 1428 puellasque
1068 1341 1160 1404 morti
1180 1340 1299 1404 obicere
1320 1345 1361 1418 et,

245 1456 282 1512 ut
316 1450 460 1534 Hyginus
491 1452 589 1514 tradit
620 1455 707 1515 Poet.
739 1454 823 1516 Astr.
857 1452 891 1516 Il
918 1457 935 1517 5
962 1455 1126 1537 (nescimus
1149 1477 1188 1517 an
1213 1477 1250 1516 ex
1273 1453 1364 1516 Euri-

243 1563 325 1648 pide)
352 1564 499 1646 virginem
524 1564 687 1628 Eriboeam
709 1567 908 1650 comprimere
924 1567 1032 1646 voluit,
1054 1568 1107 1630 sed
1131 1567 1216 1653 quid,
1239 1588 1361 1653 quaeso,

243 1698 351 1739 saxum
386 1675 528 1760 Stygium
563 1684 594 1740 et
629 1679 818 1742 Acheruntia
850 1702 941 1762 rupes
972 1685 1004 1741 et
1032 1677 1140 1762 Cocyti
1172 1701 1262 1741 canes
1291 1700 1362 1742 cum

242 1788 360 1852 Theseo
390 1796 421 1852 et
452 1813 522 1874 rege
547 1790 763 1855 Cretensium?
788 1792 986 1878 Quamquam
1011 1814 1110 1875 pauca
1133 1797 1261 1855 tantum
1284 1790 1363 1874 frag-

240 1909 347 1966 menta
380 1902 490 1966 Thesei
524 1914 702 1989 supersunt,
739 1906 848 1992 quovis
879 1912 984 1968 tamen
1013 1905 1144 1990 pignore
1178 1903 1363 1968 contendam

240 2017 316 2080 talia
346 2016 501 2080 Theseum
530 2038 594 2079 non
625 2017 737 2080 dixisse
767 2039 868 2103 neque
901 2017 1003 2080 Minoi
1028 2039 1143 2103 neque,
1169 2015 1252 2102 quod
1277 2016 1363 2079 Mus-

244 2131 348 2213 gravio
371 2129 501 2214 placuit,
526 2128 715 2192 Minotauro.

288 2242 392 2306 Primo
429 2243 553 2330 quidem
585 2244 733 2327 adspectu
764 2241 887 2305 videtur
917 2241 1088 2305 Scholiasta
1123 2241 1227 2304 omnia
1255 2239 1363 2303 sedulo

243 2357 442 2440 investigasse
472 2364 503 2420 et
526 2359 627 2442 ipsum
653 2357 821 2441 inspexisse
846 2357 961 2432 drama,
986 2378 1058 2419 cum
1084 2355 1133 2417 vel
1157 2377 1272 2418 nomen
1296 2353 1363 2416 eius

245 2493 337 2556 quem
371 2470 507 2535 Theseus
537 2472 692 2534 allocutus
723 2472 762 2533 sit
793 2470 922 2546 noverit,
956 2475 988 2531 at
1017 2466 1092 2531 alibi
1121 2489 1245 2554 quoque
1270 2467 1303 2530 in
1327 2465 1365 2530 si·

244 2585 312 2647 mili
335 2607 368 2649 re
392 2587 517 2649 nomina
536 2585 608 2647 licta
626 2591 709 2647 sunt.
731 2584 880 2646 Eiusdem
900 2583 982 2645 enirn
1002 2584 1068 2646 cod.
1088 2580 1168 2644 Ven.
1183 2580 1362 2657 Scholiasta,

168 2691 170 2695 ⁷
246 2698 300 2784 qui
331 2698 388 2762 hoc
420 2699 485 2762 loco
517 2698 554 2761 de
585 2697 703 2761 Theseo
727 2697 848 2760 multus
872 2704 928 2774 est,
953 2696 991 2758 ad
1016 2694 1110 2779 Vesp.
1137 2697 1211 2772 313,
1235 2691 1363 2779 perinde

246 2833 281 2875 ac
316 2813 340 2875 si
376 2813 439 2897 ipse
474 2813 580 2875 drama
613 2811 806 2894 inspexisset,
844 2817 993 2872 memorat
1031 2809 1237 2894 Hippolytum
1268 2807 1363 2869 fuisse
1424 2800 1426 2804 ⁸

245 2924 301 3010 qui
329 2925 463 2998 οὶιόιιητοι
493 2925 552 2988 κτὲ.
585 2924 710 2986 locutus
739 2923 789 2985 sit.
815 2922 908 3002 Quod
932 2927 1037 2985 tamen
1061 2921 1174 2984 falsum
1198 2927 1293 3006 atque
1315 2918 1366 2980 fic·

246 3043 314 3098 tum
338 3042 394 3100 est.

293 3151 323 3228 2.Ι
354 3147 404 3211 Ad
426 3171 470 3212 vs.
496 3149 559 3211 473
583 3148 658 3211 citat
682 3147 782 3211 Schol.
807 3148 873 3232 ipsa
896 3147 1057 3231 Euripidis
1085 3146 1176 3209 verba
1201 3168 1280 3233 quae
1299 3144 1365 3207 imi-

243 3268 328 3325 tatus
351 3263 391 3324 sit
414 3262 650 3347 Aristophanes:
675 3263 688 3325 ὅ
713 3261 799 3332 τόπος
823 3256 903 3333 οὗτος
927 3261 1008 3340 ποιροὶ
1031 3260 1070 3323 τοὶ
1096 3261 1125 3323 εἰι
1145 3265 1238 3332 Θησεῖ
1258 3259 1328 3337 Εὐρ.

465 3374 540 3455 κοὶροι
562 3399 595 3438 τε
617 3373 674 3454 wip
698 3398 748 3437 σου
771 3372 892 3452 comio
905 3372 1023 3460 [sipara
1047 3373 1119 3449 ὁμοῦ

467 3492 539 3569 §aad
563 3512 596 3551 τε
618 3486 716 3551 πεδόσ’
744 3487 921 3567 ἐγκὲφοιλοιι,
945 3483 1089 3562 apparea
1113 3485 1139 3548 δ’
1165 3483 1223 3548 ἔιπο

467 3600 638 3677 οιὶροοστοιγη
662 3607 804 3679 πρηστῆρε
825 3597 970 3678 ῥεύσονται
993 3596 1081 3660 ιιοὶπιο.

222 3763 224 3767 .
291 3711 342 3775 Tr.
368 3715 441 3774 388.
465 3735 492 3774 v.
517 3711 618 3775 Herw.
643 3713 839 3789 οοὶμοστοιγεῖς
862 3717 1020 3790 πρηστῆρες
1044 3708 1175 3773 οἵσοιιτοιι.

290 3824 371 3887 Mira
404 3824 542 3907 prolecto
571 3824 714 3908 parodia!
745 3823 833 3887 Num
867 3822 942 3884 haec
972 3821 1196 3905 Aristophanes
1225 3820 1365 3883 imitatus

246 3936 313 4001 est?
336 3939 380 4000 At
403 3937 506 4000 omnia
529 3945 649 4022 praeter
674 3958 772 4000 ununr
796 3934 1028 4012 οιὶμοιτοστοιγης
1053 3934 1214 3998 dissimilia
1240 3939 1324 3996 sunt.

292 4053 322 4114 3.
352 4051 461 4114 Restat
490 4051 582 4114 tertia
610 4051 779 4128 annotatio,
803 4049 842 4111 ad
865 4072 907 4111 vs.
932 4050 996 4112 475
1023 4047 1198 4127 Τοορτησσίοι
1220 4046 1363 4126 μύροιιιοιε

246 4164 327 4245 ποιροὶ
354 4164 394 4227 τὰ
425 4166 453 4227 ἐι
473 4154 515 4244 τῷ
539 4171 635 4237 Θησεῖ
654 4163 820 4243 Εὐριπίδου.
848 4161 931 4225 Fieri
956 4163 1081 4225 omnino
1106 4166 1209 4245 potest
1231 4160 1280 4222 his
1302 4180 1366 4221 ver·

246 4274 294 4340 bis
316 4278 474 4361 parodiam
497 4277 644 4341 dramatis
667 4275 779 4344 Thesei
801 4275 911 4354 inesse,
936 4275 962 4339 si
985 4297 1057 4338 vero
1077 4273 1254 4337 testimonia
1278 4271 1364 4335 scho-

244 4389 406 4454 liastarum
439 4391 645 4483 ponderamus
678 4410 742 4452 non
773 4409 982 4467 numeramus,
1012 4385 1051 4449 iis
1082 4408 1162 4473 quae
1193 4384 1232 4448 de
1268 4382 1364 4447 schol.
