3218 5370
269 634 329 694 160
762 652 878 695 aaran.

244 837 314 876 cum
346 836 457 896 aquam
485 814 637 878 haustura
659 814 795 892 abiisset,
821 816 978 900 Ophelten
1002 819 1094 882 draco
1117 842 1220 883 morsu
1245 821 1371 885 interfe-

243 928 295 990 cit.
320 927 359 990 ln
383 929 473 991 cuius
496 929 643 992 honorem
668 929 821 993 Adrastus
843 928 962 993 Nemea
985 931 1136 994 instituit.

287 1040 447 1105 Postrema
471 1041 552 1123 πηδᾷ
574 1042 698 1123 χορεύων
722 1041 841 1105 Eubuli
865 1044 968 1106 animo
992 1044 1150 1108 obversata
1171 1069 1235 1110 esse
1256 1047 1367 1111 viden·

244 1159 296 1216 tur
331 1177 401 1216 cum
433 1156 610 1218 memoriter
641 1157 753 1219 citaret
785 1154 888 1219 Orest.
920 1160 962 1218 45
994 1158 1075 1239 πηδᾷ
1099 1159 1245 1238 δρομιιῖος,
1269 1165 1370 1234 πῶλος

244 1264 280 1338 ὣς
303 1268 363 1331 art
386 1266 485 1347 ζυγοῦ.
513 1268 579 1350 (ubi
603 1293 661 1332 van
684 1269 872 1333 Hcrwerden
893 1270 947 1335 ύπδ
968 1294 1005 1334 ex
1024 1271 1162 1355 Euhnlo)
1185 1273 1367 1338 Haecenim

244 1380 376 1464 scripsit,
401 1379 497 1443 Mein.
522 1381 575 1444 III
597 1405 627 1466 p.
654 1385 734 1446 242:

465 1494 706 1571 &condiscetis
730 1495 782 1560 nal
807 1496 954 1577 Φιιληρικη
978 1496 1042 1577 κύρη

466 1606 684 1686 σπλάγχνοισιν
708 1609 836 1689 οέρνείοισι
859 1610 1095 1688 συμμεμιγμένη

465 1720 546 1801 πηδᾷ
569 1720 688 1801 χορεύει,
714 1726 810 1794 πῶλος
834 1719 871 1794 ὣς
895 1723 949 1787 ὑπὸ
972 1722 1073 1802 ζυγοῦ.

288 1831 399 1896 Jacobs
421 1834 480 1897 ιἰπὸ
503 1855 559 1917 pro
584 1833 646 1896 ύπύ.

245 2055 299 2120 Vs.
327 2049 430 2118 1214.
467 2055 540 2134 οἴμοι
563 2059 752 2135 πεπλήγμεθ’
775 2053 856 2130 οιύθις
881 2059 935 2123 ὑπὸ
958 2067 1010 2133 τῆς
1033 2060 1164 2133 ληκύθου.

289 2169 381 2232 Rihb.
413 2170 492 2233 Aah.
526 2170 608 2233 Anh.
640 2193 670 2254 p.
703 2172 765 2233 271
791 2172 947 2255 parodiam
973 2196 1037 2236 esse
1060 2174 1238 2258 suspicatur
1260 2182 1367 2239 versus

244 2282 357 2348 Aesch.
393 2284 504 2367 Agam.
544 2285 628 2346 1345
659 2283 730 2361 ὤμοι
761 2283 837 2361 μάλ’
869 2279 959 2357 ιιύθις,
984 2285 1117 2366 δευπέροιν
1141 2287 1363 2365 πεπληγμένος.

245 2394 323 2458 (lum
346 2419 416 2459 vero
440 2418 541 2479 neque
564 2395 656 2459 verba
679 2419 780 2480 neque
800 2404 934 2460 metrum
955 2398 1132 2483 tragoediae
1149 2400 1274 2485 propria
1290 2401 1365 2478 sint,

244 2533 346 2594 neque
377 2510 546 2595 Aeschylus
576 2511 650 2575 haec
681 2512 817 2596 proferat
840 2513 893 2575 sed
917 2511 1084 2598 Dionysus,
1109 2513 1239 2577 fortuita
1263 2514 1367 2578 existi-

244 2625 357 2688 manda
381 2630 428 2688 est
450 2625 522 2688 talis
545 2623 708 2688 verborum
732 2625 914 2690 similitudo.

244 2849 296 2913 Vn.
324 2841 427 2912 1217.
465 2849 516 2911 οὐκ
538 2845 614 2910 έσπιν
638 2846 716 2919 ύσπις
739 2846 827 2911 πάντ’
851 2847 920 2928 adalp
944 2848 1112 2926 εύδοιιμονεῖ
1133 2849 1192 2912 κπέ.

289 2961 392 3025 Schol.
422 2960 594 3036 Σθενεβοίης
619 2961 649 3023 δὲ
673 2961 689 3033 ἡ
713 2960 801 3050 dcxl.
827 2960 941 3023 Eadem
968 2962 1121 3024 sententia
1144 2962 1298 3046 reperitur
1322 2961 1361 3024 f.

243 3073 420 3156 Belleroph.
447 3075 520 3137 287.
544 3071 704 3156 Euripidis
727 3095 849 3135 versum
873 3074 971 3136 citant
991 3072 1198 3152 Nicostratus,
1219 3071 1279 3136 fab.
1301 3074 1362 3137 inc.

243 3187 341 3250 Mein.
373 3186 427 3249 ΙΙΙ
457 3208 487 3271 p.
521 3188 583 3248 288
613 3193 644 3248 et
667 3184 862 3270 Philippides
886 3186 919 3249 irr
942 3185 1166 3270 Philadelphis,
1192 3185 1289 3249 Mein.
1315 3184 1364 3248 IV

243 3325 273 3386 p.
287 3302 362 3363 472.
376 3299 422 3362 De
435 3305 619 3383 argumento
632 3298 777 3364 dramatis
790 3298 850 3361 vid.
865 3298 966 3362 Schol.
981 3299 1074 3382 Greg.
1088 3297 1157 3361 Cor.
1171 3320 1220 3383 ap.
1230 3297 1272 3361 N.
1282 3303 1314 3361 et
1323 3297 1362 3361 D.

241 3522 295 3586 Vs.
324 3517 426 3586 1225.
462 3522 593 3586 Σιδύνιθν
616 3523 681 3586 ποτ’
705 3520 781 3584 tere
806 3521 927 3598 Κύδμος
950 3521 1075 3584 ἐκλιπὼν

463 3634 618 3714 Ἀγήνορος
642 3640 724 3705 πιιῖς.

287 3747 387 3812 Schol.
411 3752 462 3811 πού
486 3745 613 3827 δευτέρου
638 3743 739 3826 Φρίξου
761 3747 830 3826 Εύρ.
856 3747 872 3818 ιδ
896 3746 986 3826 ιἰρχύ.
1010 3745 1136 3810 Errasse
1156 3747 1354 3811 scholiastam

242 3868 274 3926 et
304 3860 431 3942 δευτέρου
460 3882 516 3945 pro
547 3860 657 3940 πρύπου
688 3859 844 3943 scripsisse
875 3865 1040 3942 apparete
1064 3859 1164 3923 verbis
1187 3859 1316 3924 Tnetnae
1345 3883 1362 3922 a

242 3975 284 4039 N.
310 3983 341 4039 et
365 3975 403 4037 D.
428 3976 465 4038 fr.
492 3977 555 4037 816
580 3973 690 4036 allatis.
716 3973 857 4035 Alterius
881 3970 991 4034 Phrixi
1015 3973 1142 4035 initium
1166 3973 1243 4036 fnit:
1265 3974 1288 4036 εἰ
1308 3973 1363 4050 μὲν

242 4091 301 4154 τύδ’
327 4084 406 4169 ἦμοιρ
430 4089 490 4151 uri.
515 4088 551 4150 lr.
577 4089 649 4148 818.
675 4085 714 4148 In
739 4085 796 4148 hae
816 4085 912 4147 altera
934 4087 1111 4149 recensione
1128 4085 1207 4149 nihil
1221 4085 1362 4169 nisipro·

241 4204 347 4286 logum
371 4207 529 4265 mutatum
552 4223 627 4276 esse,
648 4221 727 4282 quae
750 4199 842 4260 etiam
863 4198 1010 4261 Fritschii
1029 4199 1153 4261 videtur
1166 4222 1231 4263 esse
1243 4199 1359 4285 opinio,

241 4322 324 4379 recte
354 4314 466 4377 statuit
496 4312 721 4388 Schneidewin,
752 4310 868 4376 Philol.
898 4310 953 4374 ΠΙ
982 4334 1013 4396 p.
1048 4314 1120 4374 533.
1150 4311 1210 4374 Cui
1232 4333 1360 4394 quoque

240 4427 385 4492 Fritschii
407 4427 561 4490 sententia
584 4426 622 4489 de
643 4425 826 4488 mutationis
847 4446 939 4488 causa
957 4424 1078 4509 placuit
1094 4446 1188 4508 quam
1207 4424 1247 4488 ad
1268 4427 1352 4488 1206
