3218 5370
263 661 282 720 8
683 679 917 724 romanensis.

241 868 304 909 non
331 846 484 930 persuasit
506 847 544 909 de
567 846 742 909 imitatione
768 847 914 931 Aeschyli
938 847 1137 930 cogitandum
1161 871 1233 911 esse.
1258 847 1361 927 Quam

241 958 426 1022 sententiam
450 965 488 1021 ut
510 957 635 1041 probem
659 981 707 1021 res
730 958 824 1022 altius
847 960 1015 1044 repetenda
1037 967 1093 1022 est.

285 1070 332 1134 De
363 1070 527 1154 Aeschylei
555 1069 685 1155 Telephi
709 1078 893 1154 argumento
916 1071 995 1134 nihil
1018 1070 1107 1134 nobis
1128 1073 1280 1136 traditum
1303 1081 1359 1136 est.

241 1183 377 1246 Unicum
401 1189 501 1246 exstat
522 1183 732 1266 fragmentum
758 1184 790 1245 in
815 1183 978 1266 Hesychio,
1003 1183 1040 1247 fr.
1066 1186 1129 1245 236
1150 1183 1203 1261 N,
1225 1185 1286 1247 237
1310 1185 1359 1263 D.,
1432 1271 1435 1275 .

242 1296 328 1359 locus
351 1296 432 1359 enim
457 1295 598 1359 Platonis
623 1296 660 1358 fr.
687 1298 750 1357 235
774 1295 816 1359 N.
842 1299 904 1358 236
929 1296 967 1358 D.
993 1297 1031 1359 de
1054 1296 1211 1380 tragoedia
1222 1296 1361 1381 Telepho

243 1408 324 1471 nihil
348 1408 449 1486 docet,
475 1430 574 1491 quum
599 1408 692 1471 verba
715 1408 884 1471 afferantur
907 1409 1005 1492 ipsius
1027 1409 1167 1492 Telephi,
1192 1410 1246 1492 qui
1270 1411 1363 1472 etiam

246 1520 279 1583 in
303 1520 401 1604 Mysis
424 1527 528 1604 partes
551 1522 625 1604 egit.

285 1633 333 1697 De
356 1633 516 1718 Euripidis
538 1633 673 1717 Telepho
696 1635 770 1703 satis
795 1642 878 1698 certa
899 1636 1012 1698 adsunt
1032 1636 1221 1698 testimonia.
1244 1635 1361 1719 Hygini

242 1746 380 1829 legamus
411 1746 470 1809 lab.
505 1749 577 1809 101.
608 1745 654 1808 Cf.
685 1747 880 1830 Epimetrnm
912 1746 945 1809 I:
974 1796 994 1824 „
1010 1749 1149 1828 Teleplns
1171 1749 1311 1812 Herculis
1334 1755 1362 1810 el
1425 1732 1430 1743 ¹

242 1863 337 1941 Anpes
359 1861 449 1944 filins
478 1863 513 1924 nl
536 1861 650 1924 Achille
673 1861 704 1922 in
719 1884 824 1942 pnpne
850 1862 984 1924 Chironis
1006 1863 1093 1923 lustu
1113 1883 1268 1942 percussus
1291 1863 1362 1925 eliel·

243 1980 304 2037 tnr.
335 1975 383 2036 En
413 1996 467 2056 qno
489 1976 608 2038 vnlnere
630 1997 694 2036 enm
719 1975 750 2035 ln
773 1974 834 2036 elles
858 1980 932 2036 tetro
953 1975 1087 2036 erner‘ntn
1111 1981 1266 2054 eriperetur
1281 1975 1363 2056 petil

243 2093 348 2149 sortem
377 2087 413 2149 ab
444 2087 580 2167 Apolline
610 2089 688 2168 qnorl
715 2093 788 2148 esset
812 2086 975 2166 remedium.
1000 2087 1178 2166 Responsum
1200 2093 1242 2149 est
1265 2088 1293 2148 el
1315 2109 1362 2149 ne-

243 2199 347 2262 minem
377 2199 484 2262 mederi
509 2215 601 2280 pesse,
632 2199 692 2260 m'si
720 2201 839 2261 eandem
869 2199 985 2260 lustum
1015 2213 1085 2280 qna·
1104 2200 1278 2261 vnlneratus
1299 2207 1363 2261 eret

243 2312 430 2395 (suspicatur
454 2310 609 2374 Schmidt:
633 2311 695 2373 nisi
717 2310 853 2373 vulneris
876 2311 1056 2392 auctorem).
1078 2312 1142 2373 Hoc
1164 2312 1364 2393 Teleplnsnll

243 2425 359 2488 nnrllm't
389 2428 431 2488 nrt
457 2447 550 2505 repem
580 2429 815 2506 Apamemnenem
845 2424 924 2486 senil
946 2431 974 2486 et
998 2424 1109 2487 monito
1137 2426 1365 2507 Clptemneslrce

155 2614 160 2623 ,
248 2541 374 2602 Orestem
404 2539 553 2623 infantem
585 2542 620 2601 de
643 2540 796 2601 enrnlrrlr's
818 2539 930 2620 rapuit,
955 2539 1097 2601 reinitans
1118 2561 1149 2600 se
1171 2560 1234 2600 enm
1257 2539 1364 2601 occien-

243 2675 307 2715 rnm
338 2652 398 2715 nr'sl
420 2653 476 2714 sill
499 2653 604 2715 riclini
627 2655 817 2714 mederentur.
843 2652 962 2713 Aellm's
984 2659 1080 2714 entem
1104 2655 1181 2734 qnorl
1200 2674 1365 2737 responsum

242 2773 317 2844 erat,
348 2766 411 2828 sine
443 2765 559 2846 Telephi
586 2768 676 2828 electri
712 2765 826 2826 Troiam
855 2765 921 2844 enpl
943 2786 1001 2826 nere
1016 2786 1110 2845 posse,
1126 2765 1228 2847 fnelle
1250 2788 1312 2827 crem
1335 2787 1365 2826 eo

243 2878 275 2940 ln
302 2878 432 2958 pret-lam
462 2877 613 2939 redierunt
640 2883 669 2937 el
700 2878 736 2939 cl
766 2876 881 2938 Achille
908 2876 1060 2956 pellerent
1088 2883 1121 2938 nl
1147 2898 1211 2938 enm
1233 2883 1364 2938 sonaret.

247 2992 356 3059 suibus
390 2991 520 3053 Aelllles
550 2989 699 3070 respondit
729 3010 759 3051 se
790 2995 882 3050 artem
914 2989 1052 3052 medicam
1081 3011 1139 3050 non
1169 3011 1259 3051 nesse.
1295 2989 1365 3050 Tam

251 3107 367 3189 Ulysses
396 3106 458 3168 cll:
489 3128 546 3167 non
579 3111 607 3166 te
632 3103 705 3166 (licit
728 3105 831 3184 Apollo
853 3106 906 3166 sed
926 3110 1072 3166 nectorem
1095 3103 1225 3166 mrlnerr's
1248 3104 1362 3164 lostam

243 3219 384 3283 nominat.
420 3221 513 3286 erom
544 3240 607 3280 enm
636 3217 779 3279 rasissent
803 3217 980 3280 remerllnlns
1002 3224 1054 3280 est.
1079 3219 1106 3278 A
1129 3238 1184 3300 qne
1206 3238 1270 3278 enm
1285 3222 1366 3297 prte-

243 3339 308 3396 rent
340 3340 373 3395 nt
402 3354 497 3395 secem
526 3334 569 3394 orl
602 3331 716 3393 Troiam
739 3333 962 3412 erpnprmmlnm
987 3330 1055 3407 iret,
1078 3352 1135 3392 nen
1159 3330 1364 3410 impetrarunt,

244 3449 321 3529 qnod
347 3447 373 3508 r‘s
405 3446 550 3508 bnorlr‘een
581 3445 699 3507 Prr'eml
715 3445 836 3528 fillum,
850 3466 964 3506 rnorem
988 3445 1113 3521 luberet,
1137 3445 1189 3505 secl
1209 3444 1240 3504 ob
1263 3443 1364 3524 benefi-

243 3559 320 3623 einm
354 3559 435 3641 qnod.
460 3581 525 3620 enm
553 3565 701 3621 sanarent
731 3580 776 3620 eos
805 3557 937 3633 rlerlrmll,
968 3558 1042 3618 loros
1070 3562 1168 3618 antem
1198 3562 1226 3617 et
1257 3555 1365 3616 itinere

242 3671 460 3747 demonstrarit,
486 3671 553 3732 inde
577 3670 610 3731 ln
633 3670 764 3752 Mpsiem
787 3676 830 3731 est
849 3666 1034 3751 profeetnsf’

288 3783 374 3846 Haeo
403 3781 557 3866 Hyginus,
589 3782 679 3844 cuius
711 3778 803 3843 verba
834 3782 859 3843 si
892 3780 1121 3865 perpendimus
1153 3802 1216 3843 non
1251 3785 1366 3841 temere

244 3896 412 3960 conicimus
430 3917 492 3958 non
513 3892 779 3957 narratiunculam
800 3899 925 3956 tantum
947 3891 999 3954 sed
1012 3892 1134 3955 fabulae
1147 3897 1365 3975 argumentum

243 4032 279 4072 ea
309 4010 476 4073 continere.
511 4007 639 4090 Saepius
671 4007 753 4069 enim
784 4013 893 4069 auctor
923 4006 1100 4088 tragoedias
1124 4004 1257 4088 respicit,
1281 4001 1365 4086 quod

243 4122 301 4185 hoc
325 4143 450 4205 quoque
473 4121 540 4184 loco
564 4120 679 4183 factum
701 4142 765 4182 esse
787 4119 937 4182 indicium
958 4119 1086 4182 fortasse
1108 4124 1155 4181 est
1174 4117 1366 4199 colloquium

243 4234 375 4299 Achillis
406 4241 438 4297 et
469 4221 596 4318 Ulyssis.
627 4232 831 4316 Tragoediam
864 4232 1066 4318 Euripideam
1096 4230 1196 4294 simile
1221 4228 1366 4293 habuisse

240 4355 460 4431 argumentum
492 4352 621 4432 apparet
652 4370 668 4408 e
700 4346 890 4428 fragmentis,
943 4368 1002 4409 uae
1025 4343 1127 4407 omnia
1151 4365 1223 4406 cnm
1248 4342 1366 4426 Hygini

242 4458 349 4524 fabula
379 4461 587 4537 consentiunt,
617 4458 769 4542 imprimis
799 4459 876 4522 etr.
925 4462 976 4521 25.
1010 4451 1112 4520 Verba
1142 4457 1224 4519 enim
1249 4454 1364 4539 Hygini

907 4563 929 4642 7
