3218 5370
600 597 954 642 rnnsuoruoarsznsan.
1249 583 1312 644 123

215 769 270 825 tur
302 761 491 825 Scholiastae
523 762 720 834 6111πλάτας
744 763 776 825 in
799 764 958 846 tragoedia
982 764 1104 847 saepius
1126 769 1198 836 ναῦς
1221 764 1336 847 signifi-

216 896 284 938 care
315 880 425 937 notum
456 881 532 938 erat.
566 874 658 954 Quod
689 875 719 937 h.
752 897 780 938 v.
814 875 931 958 legitur
953 875 985 938 in
1010 876 1077 938 eod.
1102 877 1132 938 οὐ
1154 874 1281 955 πάρεισιν
1305 877 1336 939 αί

215 985 330 1049 πλάται
364 1009 428 1049 non
463 1009 540 1069 opus
572 993 618 1049 est
649 1008 720 1049 oum
750 985 908 1050 Brunckio
938 993 970 1049 et
992 987 1086 1050 Dind.
1111 989 1145 1051 in
1167 991 1198 1052 οὐ
1223 987 1338 1068 πάρεισί

215 1120 264 1174 μοι
288 1096 403 1161 πλάται
427 1104 558 1177 mutare,
584 1120 655 1160 oum
678 1098 710 1161 αἱ
732 1097 847 1161 πλάται
869 1106 949 1182 post.
977 1098 1032 1170 τάς
1058 1100 1179 1171 πλάτας
1204 1122 1247 1162 vs.
1272 1100 1333 1163 770

213 1208 287 1271 ferri
307 1209 411 1292 possit.

260 1320 363 1384 Verba
393 1344 488 1402 χοιρει,
520 1345 605 1402 χοιρει
633 1344 679 1386 vs.
708 1325 770 1388 782
795 1323 849 1385 alii
872 1323 962 1387 aliter
986 1324 1250 1408 interpretantur3
1273 1324 1335 1408 ple·

215 1435 303 1520 rique
337 1433 557 1518 imperativum
589 1459 653 1499 esse
687 1437 877 1499 existimant.
911 1437 1069 1499 Eritsohe:
1094 1436 1334 1513 „Mnesilochus

214 1547 416 1624 „simulacris
439 1547 514 1610 haee
537 1549 733 1631 potissimum
756 1548 849 1611 verba
872 1549 1039 1633 insculpsit
1062 1549 1216 1628 Εὐριπίδη,
1238 1549 1333 1628 χάρει,

213 1659 338 1738 ,,χιίρει,
370 1660 449 1735 veni,
474 1660 544 1721 verri
567 1660 763 1743 Euripides.'’
788 1660 853 1723 Alii
876 1682 948 1723 oum
968 1658 1077 1723 Vossio
1103 1659 1240 1723 cultrum
1262 1659 1335 1722 allo-

214 1771 268 1856 qui
299 1770 529 1834 Mnesilochum
557 1772 725 1855 opinantur
756 1779 802 1834 et:
832 1771 933 1849 „Zieh
957 1771 1029 1848 fort,
1053 1771 1125 1834 Zieh
1149 1771 1246 1835 fort!’'
1272 1795 1334 1835 ver·

212 1890 297 1946 tunt.
322 1881 477 1948 Ribbeck:
500 1883 631 1961 „Rasoh
654 1885 725 1946 her!
751 1885 839 1948 rasoh
858 1885 929 1947 her!
951 1883 990 1947 Ja
1010 1884 1112 1947 wohin
1128 1885 1210 1947 deun
1224 1883 1333 1947 nun?’'

213 1993 327 2058 Nonne
362 2017 433 2058 vero
465 2002 601 2079 praestat
632 1994 822 2059 Ravennatis
853 1997 1018 2060 lectionem
1050 2002 1148 2076 χωρεῖ,
1173 2002 1267 2075 χωρεῖ
1286 1997 1332 2058 in-

213 2113 328 2170 tactam
352 2108 528 2193 relinquere
553 2115 583 2171 et
606 2117 700 2188 χωρεῖ
720 2109 783 2172 scil.
808 2108 924 2189 τοιίργον
948 2109 1168 2193 interpretari?
1193 2108 1239 2172 Cf.
1260 2108 1331 2172 Pae.

214 2221 289 2299 473,
317 2223 390 2284 510.

258 2334 418 2414 Quosnam
441 2334 471 2396 h.
496 2334 518 2397 1.
539 2357 646 2397 versus
669 2358 685 2397 e
710 2333 875 2397 Palamede
899 2334 1101 2419 depromserit
1124 2338 1179 2398 Ar.
1202 2357 1264 2397 non
1287 2336 1332 2398 in·

212 2445 325 2508 dicavit
350 2446 470 2528 Schol.;
494 2447 621 2510 fortasse
646 2470 704 2510 vss.
732 2449 805 2527 776,
834 2448 893 2512 777
919 2453 951 2510 et
976 2445 1332 2512 7861161κετεΗ6616·

211 2557 311 2621 ricum
333 2565 390 2621 est.

256 2669 307 2731 Ad
342 2670 403 2733 775
437 2669 558 2754 Enger:
587 2670 690 2749 „Sine
720 2670 816 2734 dubio
845 2671 1006 2756 Euripidis
1029 2693 1152 2735 versum
1177 2673 1331 2756 quendam

210 2781 321 2859 „ridet
355 2781 431 2845 Ar.''
463 2782 580 2846 Melius
609 2783 764 2846 Eritsche:
796 2783 1038 2861 „Mnesilochus
1069 2783 1198 2845 deorum
1226 2785 1331 2868 imagi-

209 2917 294 2970 „nes
309 2941 404 2956 .....
435 2896 574 2980 proiecit,
600 2902 637 2958 ut
659 2895 805 2980 Euripidi
828 2897 937 2980 dignas
961 2896 1112 2980 Euripide
1135 2897 1241 2959 mittat
1263 2897 1331 2960 lite·

210 3007 318 3082 „ras”
362 3006 524 3091 Significat
563 3009 785 3093 Aristophanes
819 3009 964 3094 Euripidi
999 3009 1093 3071 talem
1127 3010 1329 3093 impietatem,

211 3118 312 3203 qualis
337 3120 432 3183 etiam
455 3119 607 3204 Diagorae
630 3121 691 3184 fuit
714 3120 826 3204 (Schol.
850 3120 937 3185 Nub.
964 3123 1049 3204 830),
1074 3128 1192 3204 gratam
1217 3145 1290 3185 esse.

210 3341 263 3406 Vs.
290 3334 370 3404 810.
408 3340 495 3413 οὕτως
519 3344 605 3418 ἡμεῖς
628 3343 703 3406 πολὺ
726 3343 860 3420 βελτίους
884 3346 939 3406 τῶν
962 3343 1068 3422 άνδρῶν
1091 3343 1229 3422 εὐχόμεθ’
1249 3338 1327 3406 εἶναι.

254 3453 300 3518 cf.
326 3453 483 3518 Η6111.11.
509 3454 655 3518 111405.

210 3675 263 3740 Vs.
289 3669 370 3738 855.
406 3677 512 3740 Νείλου
535 3678 589 3753 μὲν
613 3674 682 3741 αἵδε
704 3676 924 3758 καλλιπάρθενοι
947 3678 1018 3758 irai,

408 3789 438 3862 ὃς
463 3790 530 3854 άντί
554 3790 618 3862 δίας
641 3791 776 3870 ψακάδος
801 3790 954 3868 Αίγύπτου
979 3791 1064 3855 πέδον

407 3910 513 3976 λευκῆς
533 3902 633 3980 νοτίζει
657 3902 907 3982 ριελανοοιίρμαιον
930 3903 1011 3966 λεάν.

252 4013 327 4077 Eur.
362 4013 499 4078 Helenae
523 4014 693 4091 exordium,
719 4014 774 4078 ubi
796 4021 901 4077 tamen
924 4038 967 4078 vs.
995 4016 1013 4076 3
1037 4016 1081 4078 sie
1103 4015 1236 4098 legitur:
1261 4029 1328 4078 λεν-

209 4135 262 4201 αῆς
285 4126 423 4199 τακείσης
446 4125 542 4204 χιόνος
566 4125 688 4205 ὑγραίνει
712 4124 797 4216 γύας.
824 4124 871 4188 lb.
894 4148 936 4187 vs.
964 4129 982 4187 2
1002 4125 1150 4210 Hartung
1170 4133 1202 4188 et
1214 4125 1328 4189 Nauck

208 4261 265 4323 pro
295 4238 380 4301 πέδον
404 4237 491 4301 πέδου
513 4237 632 4320 legunt.
655 4237 712 4300 Est
734 4238 859 4300 omnino
883 4236 1008 4300 insolita
1031 4237 1145 4300 dictio:
1171 4237 1323 4315 Αἰγύπτου

208 4352 293 4415 πέδον
318 4350 456 4429 ὑγραίνειν
479 4348 574 4430 γάας;
598 4349 677 4413 nihil
700 4356 805 4413 tamen
828 4351 861 4413 in
885 4349 1036 4434 Euripide
1056 4350 1242 4413 mutandum
1263 4371 1328 4412 6666
