3218 5370
265 627 326 687 128
618 640 969 685 rnnsuornoamzusnn.

240 807 398 886 „lassen”
434 807 519 887 Quid
553 807 637 870 enim
667 806 770 870 obstat
801 806 969 888 quominus
999 811 1171 868 statuamus
1204 804 1351 868 Perseum

244 896 447 1003 (Euripidem)
472 919 547 982 haec
569 920 710 982 locutum
730 941 794 981 esse
812 919 967 982 volantem
987 920 1020 982 in
1041 924 1120 995 aere,
1142 918 1179 980 cf.
1194 940 1239 981 vs.
1255 916 1363 981 1014?

244 1030 326 1094 Vera
356 1038 459 1095 tamen
491 1037 537 1094 est
565 1031 668 1094 Beerii
699 1031 855 1094 conclusio
880 1037 911 1093 et
934 1031 972 1095 ob
997 1032 1058 1093 alia
1082 1052 1162 1113 quae
1185 1031 1295 1093 attulit
1319 1053 1364 1093 ar·

243 1151 391 1227 gumenta
425 1151 456 1207 et
492 1145 564 1226 quia
598 1143 741 1228 parodiae
778 1144 874 1207 indoli
907 1166 1080 1227 congruum
1110 1150 1157 1206 est
1187 1143 1225 1206 ab
1250 1143 1363 1226 coqui

244 1256 474 1319 Andromedam
498 1262 579 1338 agat,
604 1257 624 1318 i.
639 1279 664 1319 e.
690 1279 707 1318 a
727 1255 929 1335 Mnesilocho,
951 1255 1168 1320 Andromedae
1188 1254 1364 1318 verbareoi-

242 1369 312 1430 tari.
345 1368 417 1431 Non
448 1369 546 1450 igitur
578 1390 700 1431 necesse
732 1374 777 1430 est
800 1367 956 1445 ἀπέλθοιμι
980 1369 1012 1430 in
1036 1367 1185 1445 ὑπέλθοιμι
1210 1367 1362 1451 (Bentley)

244 1486 300 1543 aut
322 1480 469 1557 ἐπέλθοιμι
492 1480 639 1564 (Brunclr)
664 1486 793 1544 mutare.
820 1479 865 1543 Cf.
890 1504 934 1544 vs.
960 1483 1053 1544 1206.

289 1592 368 1656 Vide
392 1615 453 1675 qua
476 1599 542 1655 arte
566 1593 668 1656 omnia
691 1593 858 1655 detorserit
881 1592 1026 1655 comicus.
1050 1590 1162 1654 Verbis
1180 1592 1269 1672 φίλοιν
1288 1615 1362 1671 ποορ-

245 1703 312 1768 θένοι
335 1704 544 1768 Mnesilochus
568 1705 715 1767 mulieres
738 1704 921 1786 alloquitur,
943 1726 1022 1787 quae
1042 1725 1143 1786 neque
1163 1705 1363 1786 <hibernaque

244 1817 372 1897 ποιρθένοι
396 1823 493 1895 erant,
518 1823 550 1879 et
573 1817 708 1900 nympha
732 1816 748 1889 ιθ
773 1819 801 1880 έν
824 1816 933 1896 θντροιι
958 1838 1050 1899 quam
1075 1816 1211 1901 appellat
1228 1823 1276 1879 est
1294 1815 1364 1900 Scy·

243 1930 308 2000 tha,
332 1930 484 2014 nymphae
506 1953 568 1993 non
592 1929 758 1992 admodum
782 1929 901 2008 similis,
927 1930 981 2011 qui
1005 1928 1097 2009 θιντροο
1120 1952 1184 1993 non
1203 1929 1363 1992 habitabat

244 2044 296 2106 sed
320 2043 447 2106 domurn
470 2042 631 2104 introierat
654 2048 691 2104 ut
715 2048 847 2104 stoream
870 2040 928 2105 sibi
951 2046 1082 2125 peteret.
1108 2039 1211 2120 Quam
1234 2040 1273 2104 ob
1297 2063 1363 2105 rem

243 2156 335 2218 miror
365 2153 553 2217 Fritschium
584 2155 754 2238 scripsisse:
785 2157 860 2232 „At
882 2155 1038 2236 quomodo
1064 2155 1191 2218 tandem
1216 2154 1361 2238 Scytham

242 2267 321 2344 „his
344 2271 445 2350 potest
466 2265 566 2329 verbis
589 2266 784 2350 compellare,
808 2267 841 2329 σὲ
864 2265 919 2329 τοὶν
943 2268 972 2330 έν
995 2264 1128 2346 θντροιςῗ
1153 2265 1240 2329 Num
1265 2266 1363 2349 igitur

242 2380 405 2458 „foemina
438 2386 505 2442 erat
539 2379 729 2441 miserrimus
763 2377 921 2453 lictorum,
957 2400 1034 2441 num
1065 2378 1199 2460 denique
1232 2383 1358 2440 antrum

243 2492 325 2571 „ille
339 2543 346 2558 .
361 2541 368 2556 .
383 2540 413 2555 ..
437 2491 593 2556 incolebat
601 2490 633 2552 ?'’
656 2490 855 2553 Femininum
882 2489 937 2553 τοὶν
962 2491 1089 2553 minime
1110 2490 1221 2553 obstat.
1242 2488 1357 2552 Eodem

244 2604 335 2669 modo
358 2628 401 2669 vs.
426 2606 509 2666 1031
534 2604 572 2667 do
595 2626 626 2665 se
650 2603 716 2686 ipso
741 2602 967 2665 Mnesilochus:
993 2600 1092 2676 ἕστηκ’
1116 2601 1240 2681 ἔχουσιν.

245 2826 299 2892 Vs.
325 2819 430 2888 1022.
467 2824 595 2895 ἄνοικτος
618 2822 647 2896 tr
670 2824 704 2901 μ’
729 2821 813 2894 Adara
835 2824 883 2886 τὸν

467 2936 722 3001 πολυοτονθτοιτον
745 2934 863 3014 βροτῶν.

335 3051 435 3114 Schol.
467 3049 547 3129 ποιρθι
569 3049 601 3112 τὸ
624 3053 674 3111 τοῦ
693 3047 780 3127 χθρον
803 3049 832 3110 ἕν
855 3045 1047 3128 Ἀνδρομέδᾳ.
1072 3044 1123 3108 Fr.
1150 3047 1222 3107 120.

466 3162 594 3233 ἄνοικτος
617 3159 646 3233 ὃς
669 3161 757 3224 τεκών
781 3184 814 3222 σε
837 3159 889 3231 τὴν

466 3273 712 3348 πολυπονοιτοθτκν
737 3273 845 3353 βροτῶν

466 3390 589 3466 μεθῆκεν
613 3385 706 3469 “Arda
730 3384 845 3465 ποθτριις
870 3384 1039 3464 ὑπερθοινεῖν.

244 3502 359 3584 πιθτροις
383 3525 438 3587 pro
461 3502 569 3582 ποιτρθς
592 3522 663 3564 oum
687 3498 864 3561 Duentnero
888 3503 919 3560 et
942 3495 1098 3559 Nauclrio.
1123 3496 1196 3558 Non
1220 3494 1302 3558 enim
1326 3498 1364 3557 ut

244 3638 299 3700 pro
333 3622 420 3700 patre
452 3620 583 3676 mortem
608 3610 709 3675 obiret
732 3610 838 3673 bellua
862 3609 981 3672 marina
1004 3607 1124 3671 obiecta
1150 3614 1224 3687 erat,
1250 3606 1303 3670 sed
1326 3611 1363 3667 ut

245 3729 377 3814 patriam
407 3733 542 3790 servaret
565 3746 644 3807 quae
668 3731 793 3809 propter
817 3723 923 3785 matris
948 3720 1140 3804 Cassiopeiae
1164 3742 1235 3783 cum
1257 3719 1364 3782 Nerei·

244 3841 336 3905 dibus
367 3840 405 3903 de
435 3839 532 3902 forma
562 3843 717 3901 certamen
741 3833 969 3898 devastabatur.
995 3832 1136 3896 Fritsche
1161 3832 1269 3912 μοιτρὸς
1295 3853 1363 3916 pro·

245 3955 358 4039 posuit.
395 3950 483 4031 Quae
513 3937 699 4033 sequuntur,
722 3945 770 4012 tte
792 3947 848 4027 γθιρ
871 3947 884 4010 θ
908 3945 1020 4018 Σκθθκς
1044 3945 1117 4023 κτέ.,
1140 3945 1205 4029 ipse
1229 3943 1364 4007 comicus

245 4067 344 4129 finxit.
375 4063 470 4127 Tacet
501 4065 583 4127 enim
612 4062 792 4137 Scholiasta,
816 4060 871 4142 qui
894 4060 1112 4144 praecedentes
1136 4079 1241 4121 versus
1264 4063 1296 4120 et
1319 4079 1361 4120 se·

245 4184 377 4262 quantes
410 4199 447 4239 ex
481 4176 679 4239 Andromeda
712 4174 826 4259 petitos
856 4195 921 4236 esse
952 4179 1096 4236 accurate
1126 4169 1284 4233 indicavit.
1314 4167 1363 4232 De

244 4297 342 4355 metro
365 4291 476 4353 horum
500 4312 646 4353 versuum
668 4287 857 4351 dissentiunt
880 4285 938 4349 viri
962 4285 1055 4348 docti.
1079 4282 1160 4346 Vera
1178 4283 1256 4345 mihi
1278 4281 1362 4346 vide·

244 4411 298 4470 tur
317 4402 491 4468 Hermanni
510 4401 696 4477 coniectura,
717 4421 811 4482 quam
829 4398 963 4462 correxit
982 4397 1096 4480 Enger,
1118 4394 1362 4479 Aristophanem
