3218 5370
740 602 862 648 necrus.
1274 588 1334 648 189

239 766 329 830 Duae
357 774 462 830 autem
484 768 667 830 coaluerunt
690 769 892 844 narrationes,
916 769 1013 831 altera
1035 769 1191 834 Phineum
1215 792 1354 833 excaeca-

239 886 308 943 tum
339 903 403 944 esse
424 881 497 963 quia
519 880 624 944 liberis
643 881 749 944 oculos
772 881 927 959 effoderat,
953 882 1049 944 altera
1072 880 1227 944 Phineum
1254 889 1355 944 vatem

240 1016 308 1056 cum
342 994 471 1057 deorum
500 994 628 1057 consilia
660 996 841 1058 enunciaret
869 994 907 1057 ab
931 993 1087 1079 Harpyiis,
1112 995 1194 1059 Iovis
1219 995 1357 1073 canibus

240 1106 451 1169 excruciatum
479 1129 553 1170 esse.
578 1106 750 1170 Referenda
773 1113 821 1170 cst
841 1107 926 1184 haec,
951 1107 1069 1191 opinor,
1095 1129 1157 1170 nou
1181 1107 1218 1168 ad
1244 1107 1359 1191 Sopho-

240 1219 341 1282 cleum
370 1218 525 1282 Phineum
548 1220 602 1282 sed
626 1219 665 1281 ad
689 1219 906 1302 Aeschyleum.
931 1219 971 1282 In
995 1219 1090 1280 huius
1114 1219 1196 1281 enim
1220 1220 1358 1282 dramate

239 1332 393 1417 Harpyias
423 1331 579 1395 Phineum
609 1332 769 1416 suppliciis
800 1331 942 1410 affecisse,
976 1354 1031 1394 nos
1061 1332 1152 1394 docet
1183 1331 1219 1393 fr.
1246 1331 1357 1395 Aesch.

243 1447 305 1508 253
329 1444 382 1523 N„
408 1446 470 1506 251
495 1445 534 1508 D.

440 1554 492 1620 καὶ
514 1556 708 1636 ψευδόδειπνα
732 1558 831 1620 πολλα
854 1555 1014 1636 μαργώσκς
1038 1554 1145 1632 γνάθου

440 1667 599 1748 ἐρρυσίαζον
622 1669 771 1746 στόματος
795 1670 824 1731 έν
847 1668 943 1748 πρώτρ
968 1673 1059 1749 χαρᾷ.

287 1778 412 1858 Quibus
442 1781 642 1844 consideratis
670 1803 725 1866 pro
757 1779 807 1844 καὶ
838 1780 981 1860 ταρπυίας
1010 1782 1039 1844 ἑν
1069 1781 1138 1859 (plan
1170 1782 1359 1866 Hesychium

243 1893 398 1977 scripsisse
433 1893 550 1956 conicio
585 1914 646 1955 non
678 1891 729 1955 καὶ
760 1891 815 1964 τοὶς
845 1891 969 1972 οὶρπυέας
1000 1893 1052 1955 sed
1084 1891 1149 1955 καὶ
1174 1893 1190 1965 ἡ
1218 1891 1360 1973 ἅρπυια

244 2006 358 2084 Αἷσχ.
384 2012 471 2068 Φινεῖ.

244 2264 298 2326 Vs.
324 2257 404 2325 639.
440 2262 651 2341 αναβοοέσομαι
673 2265 722 2328 τὸν
745 2262 871 2327 εὔπαιδα
895 2264 946 2327 καὶ

444 2376 528 2454 μέγα
550 2377 676 2456 βροτοῖσι
700 2375 816 2456 φέγγος
838 2376 1028 2449 Ἀσκληπιέ.

288 2489 419 2552 Numeri
443 2511 478 2551 ac
502 2487 592 2551 verba
614 2488 740 2571 tragica.
765 2487 813 2549 De
843 2489 938 2550 schol.
962 2486 995 2562 ἐξ
1016 2487 1179 2569 Ἠλέκτρας
1204 2490 1242 2552 cf.
1267 2489 1360 2552 Dind.

243 2607 349 2666 annot.
381 2601 419 2663 ad
451 2601 553 2664 Schol.
585 2601 615 2662 h.
648 2600 668 2662 l.
700 2600 816 2663 Utrum
845 2601 972 2684 parodia
1003 2601 1105 2664 sitan
1129 2603 1361 2686 paratragoedia

241 2716 404 2778 nescimus.
429 2715 517 2778 Idem
541 2714 767 2778 observandum
789 2722 836 2777 est
856 2714 893 2777 de
916 2738 959 2778 vs.
981 2714 1158 2778 dochmiaco
1182 2717 1243 2781 637
1264 2715 1360 2791 λέγεις

243 2852 291 2905 μοι
325 2828 433 2908 χαραν,
470 2827 566 2904 λέγεις
596 2851 645 2904 μοι
676 2826 760 2904 doctr,
793 2826 831 2888 de
855 2848 916 2908 quo
939 2827 1033 2889 schol.
1058 2833 1173 2890 recent.
1197 2827 1262 2890 τινα
1284 2832 1361 2908 γελᾷ

243 2945 298 3004 τῶν
322 2945 472 3021 τραγικῶν.

245 3198 298 3263 Vs.
325 3192 405 3261 661.
698 3197 865 3278 Ἡφαίστου
889 3198 991 3278 Φλογί.

289 3310 358 3408 Vox
390 3310 555 3373 Homerica
586 3332 665 3392 quae
694 3311 787 3371 etiam
812 3309 883 3394 Iph.
908 3310 982 3372 Aul.
1008 3312 1090 3371 1602
1118 3309 1244 3393 legitur.
1270 3308 1361 3373 Vide·

243 3431 297 3487 tur
320 3446 425 3486 servus
448 3423 591 3486 sacrificii
613 3422 853 3507 descriptionem
876 3445 913 3485 cx
937 3423 1042 3505 aliqua
1066 3423 1224 3506 tragoedia
1247 3431 1362 3507 petere.

243 3535 332 3600 Idem
362 3559 469 3599 servus
495 3538 577 3600 759:
602 3535 748 3615 εὐρύθμοις
773 3534 971 3616 προβήμασιν,
997 3535 1051 3598 ubi
1075 3536 1202 3600 Hemst:
1226 3560 1359 3619 „neque

243 3650 402 3728 „absurde
425 3651 541 3714 Oarion
563 3650 623 3713 ioci
646 3650 759 3734 plenus
783 3650 867 3731 quod
891 3672 908 3710 a
930 3650 1047 3732 tragico
1067 3658 1158 3733 poeta
1179 3651 1257 3713 serio
1270 3650 1362 3733 scrip·

157 3770 159 3772 ’
243 3770 339 3841 „tum
363 3769 429 3826 crat
451 3760 599 3842 εὐρύθμοις
623 3762 791 3825 mutaverit
813 3762 847 3824 in
871 3762 1060 3824 contrarium
1085 3769 1121 3824 ut
1141 3763 1361 3847 incompositos

243 3877 379 3955 „senilis
401 3875 512 3939 turbae
536 3898 659 3959 gressus
682 3874 860 3938 illuderet.”

244 4136 299 4200 Va.
324 4130 404 4201 771.
441 4135 492 4201 καὶ
517 4140 664 4216 προσκυνῶ
691 4161 727 4214 γε
750 4139 850 4216 πρῶτα
874 4134 928 4212 μέν
950 4135 998 4199 τδν
1022 4131 1133 4207 Ἥλιον,

443 4247 545 4313 ἔπειτα
567 4256 677 4326 σεμνῆς
700 4248 860 4320 Παλλάδος
884 4249 992 4313 κλεινὸν
1015 4247 1110 4327 πέδον,

442 4362 542 4443 χώραν
565 4386 598 4425 τε
622 4365 723 4425 πᾶσαν
748 4360 889 4441 Κέκροπος
913 4359 931 4434 ἥ
955 4358 989 4439 μ’
1012 4358 1142 4434 ἐδέξατο.
