3218 5370
248 636 289 696 32
710 649 852 707 autimas.

270 816 337 878 Iam
373 815 564 880 Valckenaer
598 823 629 877 et
661 813 787 897 Bergler
818 815 850 876 in
882 814 929 876 ed.
963 816 1020 875 av.
1053 813 1127 876 haec
1150 837 1221 877 cum
1246 817 1342 879 Arist.

226 929 294 992 loco
324 929 418 993 allato
447 934 712 1012 comparaveruut.
738 926 849 1008 Neque
873 933 996 989 temere.
1022 926 1139 990 Revera
1163 928 1241 990 mihi
1264 928 1346 992 vide-

227 1049 280 1105 tur
302 1049 393 1126 poeta
416 1041 595 1124 imprudens
614 1041 752 1118 fortasse,
777 1040 861 1121 quod
884 1039 918 1101 in
942 1039 999 1101 tali
1021 1062 1053 1102 re
1072 1039 1195 1124 saepius
1216 1040 1344 1121 obtinet,

227 1154 409 1239 Euripidem
441 1154 599 1215 imitatum
632 1176 706 1232 esse,
730 1174 832 1234 neque
856 1153 998 1235 ineptum
1023 1159 1068 1215 est
1091 1153 1146 1215 hic
1171 1154 1238 1217 eius
1261 1155 1346 1218 testi-
1425 1172 1433 1186 ·

228 1267 324 1329 monii
348 1267 510 1345 recordari,
536 1267 570 1328 fr.
598 1267 680 1329 397:

377 1408 496 1483 χρῶμοιι
520 1403 576 1482 wip
600 1403 689 1466 οιύσοῦ
712 1407 762 1465 σοῦ
785 1402 934 1478 σσέριοιτος
958 1405 997 1482 τῷ
1022 1402 1192 1482 στρογγύλῳ

230 1625 283 1688 Vs.
308 1619 389 1686 404.
442 1658 445 1663 ’
544 1625 730 1704 δωροδόκοισιν
755 1624 800 1686 ἔνι’
825 1623 943 1688 ἄνθεσιν
964 1621 1040 1703 ἵζων.

274 1762 451 1826 Admodum
482 1761 607 1826 difficile
630 1770 676 1824 est
699 1761 871 1825 diiudicare
895 1785 935 1824 an
959 1763 1129 1824 carminum
1154 1762 1346 1825 choricorum

229 1897 335 1938 versus
367 1898 382 1938 e
411 1874 569 1957 tragoedia
598 1874 733 1937 dcsumti
764 1875 839 1936 sint.
871 1873 932 1936 Hic
962 1880 1066 1937 tamen
1096 1875 1127 1937 iu
1151 1882 1277 1958 promtu
1301 1882 1347 1937 est

229 1987 380 2071 suspicari
410 2009 532 2050 versum
562 1987 658 2050 latere
681 1987 792 2070 tragici
816 1988 949 2051 alieuius
972 1989 1021 2051 vel
1044 1988 1133 2072 lyrici
1156 1995 1264 2072 poetae
1288 1988 1344 2070 qui

230 2100 408 2184 scripserat:

551 2207 570 2273 ὦ
594 2211 721 2291 ῥοδέοισιν
745 2213 791 2274 ἐπ’
817 2211 927 2275 ἄνθεσιν
949 2209 1024 2290 ἵζων,

171 2358 173 2362 ’
209 2365 302 2413 'nam
336 2349 380 2411 ita
408 2348 536 2431 ¹demum
561 2347 676 2410 habent
699 2370 786 2411 suam
810 2349 952 2411 facetiam
977 2371 1081 2412 versus
1104 2350 1220 2412 comici.
1248 2350 1347 2413 Ῥόδιοι

230 2461 324 2527 dudae
347 2462 421 2549 Eur.
447 2461 530 2524 Med.
557 2464 619 2524 842
640 2470 671 2525 et
691 2463 819 2542 ῥοδέοισιν
839 2464 867 2524 ἐν
888 2459 983 2525 έινθεσι
995 2460 1118 2545 IbycuS,
1138 2463 1175 2525 fr.
1190 2465 1219 2524 4.
1232 2461 1344 2546 Bergk.

230 2592 259 2660 p.
286 2580 359 2639 999.

230 2802 284 2868 Vs.
309 2787 390 2865 407.
621 2799 740 2878 γέροντο
766 2797 952 2877 σορρονσίνινν.

276 2914 488 2998 Compositum
512 2911 551 2974 ad
575 2911 749 2995 exemplum
772 2909 930 2978 Homerici
954 2910 1225 2989 ,,νσοιρθενονσι’νινς”.

232 3139 285 3203 Vs.
310 3132 391 3202 498.
492 3136 562 3199 ἀλλ’
588 3134 621 3200 ἴθι
641 3135 751 3214 χοιίρων
774 3133 824 3198 κοιὶ
849 3131 987 3213 νιροέξειοις

385 3327 390 3338 ¹
495 3248 576 3314 κοινοὶ
599 3254 663 3312 νοῦν
685 3248 733 3311 τὸν
757 3248 836 3323 ἐμὸν,
860 3247 912 3309 κοιέ
933 3269 966 3308 σε
989 3244 1136 3325 Φνλοέσσοι

499 3361 579 3433 Ζεύς.

279 3503 328 3566 Ad
350 3500 410 3589 tria
431 3498 533 3584 priora
556 3495 647 3560 verba
671 3495 792 3559 Sabou:
817 3494 898 3575 σσοιροδ
920 3496 952 3558 σὸ
976 3493 1152 3574 Σοφόκλειον
1176 3490 1209 3566 ἐξ
1231 3492 1345 3556 Ἰολοέον

234 3615 341 3699 (Am),
376 3609 409 3686 ἐξ
443 3610 581 3681 Ἰοκλέονς
617 3608 737 3692 (Ven.);
774 3605 806 3680 ἐξ
845 3606 985 3678 Οἰκλέους
1016 3606 1150 3668 correxit
1181 3603 1288 3680 Dind,
1314 3602 1347 3677 ἐξ

233 3725 395 3807 Ἰφικλέους
417 3722 555 3786 Brunck.
580 3721 629 3784 Fr.
655 3721 747 3805 Soph.
774 3722 836 3784 278
861 3717 915 3795 N„
939 3721 1021 3781 aiei
1046 3717 1084 3779 D.
1110 3715 1241 3793 „Verba
1263 3739 1348 3801 repe·

233 3839 275 3902 cit
305 3837 400 3900 Arist.
432 3834 519 3898 Nub.
545 3837 606 3898 510
631 3842 662 3897 et
686 3833 757 3896 Pac.
784 3835 856 3912 ⁷29,
880 3832 1042 3895 manifesto
1065 3831 1150 3893 hunc
1173 3830 1277 3892 locum
1303 3851 1348 3891 re·

234 3952 326 4036 spicit
348 3951 405 4034 Eq.
432 3953 513 4013 548:

565 4062 597 4126 ἵν’
622 4063 634 4125 ο“
658 4061 776 4134 ποιητὴς
801 4058 872 4137 darie
896 4057 1014 4137 xalpau,

566 4174 646 4238 κοινοὶ
669 4179 732 4236 νοῦν
755 4169 879 4252 σροὶξοις,

565 4285 685 4366 φοιιδρδς
708 4283 856 4360 λοέροσονσι
879 4279 1037 4361 μεσιδνσῳ.”

278 4426 401 4505 Nauck,
425 4425 479 4508 qui
503 4425 642 4506 προσώπῳ
665 4445 736 4486 cum
760 4421 826 4485 cod.
850 4419 928 4483 Ven.
