3218 5370
598 597 948 643 aursnornourxausxn.
1247 583 1309 644 109

215 765 322 829 aether
345 772 377 828 et
400 771 491 842 terra,
516 786 597 847 quae
619 764 710 827 initio
733 787 838 827 rerum
861 771 978 829 secreta
1000 771 1083 845 sunt,
1103 787 1206 848 neque
1225 766 1333 830 aether

216 879 390 960 ὑγροβόλονς
413 879 563 956 σταγόνας
588 879 714 957 emittit,
739 884 785 942 est
808 879 890 942 euim
913 879 1335 960 oalidusetsioous.Qua1n

216 992 384 1078 Euripides
415 993 535 1057 aetheri
564 992 678 1055 tribuit
702 994 746 1056 vis
770 1017 805 1056 ex
831 994 1031 1076 Anaxagorae
1053 996 1207 1058 sententia
1231 996 1336 1080 potius

215 1105 294 1168 aeris
324 1106 485 1190 proprium
510 1111 567 1184 est,
592 1105 682 1168 docet
704 1105 796 1184 enim,
822 1113 859 1167 ut
880 1106 1011 1169 tradidit
1034 1105 1266 1190 Theophrastus
1292 1109 1333 1171 H.

216 1218 314 1303 plant.
339 1217 393 1281 ΙΙΙ
418 1221 447 1296 2,
471 1217 508 1281 R.
534 1224 565 1280 et
589 1215 624 1279 P.
650 1219 667 1301 q
690 1217 742 1295 57,
766 1219 814 1282 τὸν
837 1217 909 1298 αὶέρα
932 1217 1048 1282 παντων
1073 1217 1153 1298 ἔχειν
1176 1219 1336 1300 σπέρματα
1436 1249 1437 1252 ’

216 1329 268 1394 καὶ
298 1335 398 1395 ταῦτα
428 1329 717 1410 σννκαταφερόμενα
746 1331 786 1410 τῷ
801 1327 900 1416 ,ὕδατι
928 1333 1032 1407 νεννῖιν
1062 1330 1102 1394 να
1133 1330 1226 1412 φαταὶ.
1257 1330 1336 1394 Cum

215 1466 279 1507 non
309 1444 374 1528 ipsa
405 1444 606 1526 Anaxagorae
637 1441 730 1506 verba
760 1442 903 1506 attulerit
934 1442 1088 1528 Theophr.
1120 1466 1184 1507 non
1216 1451 1337 1507 eertum

217 1563 264 1622 est
285 1580 325 1620 an
347 1579 452 1620 revera
474 1556 545 1636 αὲρα
569 1556 681 1619 dixerit
704 1556 757 1620 sed
780 1555 876 1636 αἰθέρα
900 1578 969 1619 eum
995 1579 1058 1620 non
1082 1556 1193 1620 dixisse
1217 1579 1233 1619 e
1253 1580 1338 1642 prae-

161 1684 164 1693 *
218 1669 400 1733 cedentibus
424 1676 555 1733 constat.

261 1783 312 1848 Ad
341 1783 446 1847 locum
474 1783 658 1868 Thesmoph.
683 1782 877 1846 redeundum
901 1789 958 1847 est.
982 1783 1094 1866 Neque
1118 1806 1155 1847 ex
1177 1783 1338 1868 Euripidis

216 1897 339 1983 placitis
368 1903 451 1960 reete
475 1896 622 1981 explicari
645 1902 749 1981 potest
772 1918 873 1979 neque
897 1896 1000 1960 lucem
1024 1897 1113 1960 affert
1136 1899 1337 1981 Anaxagorae

217 2009 422 2096 philosophia.
445 2009 595 2093 Legimus
619 2033 677 2074 vss.
703 2012 743 2072 13
768 2017 799 2072 et
824 2012 865 2072 14
889 2010 1079 2089 braaplvsodat
1098 2015 1130 2073 et
1150 2010 1338 2091 διαχωρίζεσ-

219 2125 273 2196 θαι,
298 2145 378 2206 quae
401 2122 551 2186 solemnia
573 2122 630 2186 hac
653 2123 686 2185 in
708 2145 741 2185 re
761 2121 1016 2207 philosophorum
1037 2129 1112 2186 sunt
1133 2122 1225 2185 verba
1237 2145 1339 2206 neque

219 2236 252 2300 iu
275 2235 428 2320 Euripide
452 2236 577 2313 desunt,
601 2235 637 2299 fr.
661 2238 725 2298 488
749 2243 781 2298 et
805 2237 935 2313 836,13,
960 2236 1013 2299 sed
1036 2236 1193 2299 aetherem
1205 2236 1337 2316 διαχωρί-

218 2349 318 2429 ζεσθαι
348 2371 451 2432 neque
475 2349 673 2432 Anaxagoras
696 2349 803 2412 doouit
824 2371 926 2431 neque
948 2349 1124 2433 EuripideS,
1149 2349 1210 2412 nisi
1233 2350 1337 2428 διεχω-

217 2461 308 2543 ρίζετο
345 2462 446 2526 valeat
474 2461 672 2542 απεχωρίζετο
702 2462 733 2546 (i.
765 2484 791 2525 e.
823 2463 883 2525 ιὶιιὸ
913 2465 969 2525 τῶν
1000 2461 1116 2526 πάντων
1149 2463 1219 2538 ὁμοῦ
1251 2461 1337 2526 ὄντων

218 2578 419 2661 Anaxagorae
450 2578 500 2641 vel
526 2577 586 2641 απὸ
616 2584 669 2650 τῆς
699 2583 756 2653 γῆς
780 2576 951 2660 Euripidis)
976 2576 1070 2659 quod,
1096 2577 1235 2659 quamvis
1259 2575 1334 2640 Plu-

216 2691 342 2754 tarchus
376 2691 415 2754 de
444 2690 632 2775 Empedoole
655 2689 800 2768 scribens,
826 2688 863 2752 de
887 2687 971 2752 Plao.
995 2687 1110 2752 Philos.
1136 2688 1181 2769 Π,
1209 2693 1249 2768 6.,
1274 2688 1334 2752 hoo

219 2804 310 2868 modo
342 2803 434 2868 verbo
457 2804 630 2883 διακριθῆναι
654 2810 773 2881 utatur,
797 2803 847 2866 hio
870 2803 974 2866 minus
998 2810 1045 2867 est
1067 2803 1236 2888 probabile,
1264 2804 1337 2886 quia

219 2917 438 3002 Aristophanis
468 2918 618 2980 intererat
649 2917 730 3001 ipsas
761 2917 934 2981 locutiones
964 2917 1190 3001 philosophicas
1213 2918 1337 2980 referre.

217 3031 331 3114 Itaque
361 3029 527 3094 vertendus
559 3037 606 3092 est
633 3053 676 3093 vs.
711 3032 752 3092 la
783 3031 921 3108 „Atrida
950 3053 1013 3093 oum
1034 3031 1160 3111 primam
1184 3031 1216 3093 ιἰι
1240 3031 1341 3094 variar

216 3151 318 3226 partes
339 3143 571 3207 secernebatur.”

266 3255 415 3339 Sequenti
453 3277 542 3318 versu
574 3254 701 3318 offendit
731 3257 759 3319 ἐν
792 3255 870 3335 αὐτῷ
896 3252 1072 3333 ξυνετέκνου,
1103 3256 1187 3338 quod
1218 3255 1341 3319 nullius

220 3391 369 3452 umquam
398 3368 578 3453 philosophi
606 3368 756 3452 placitum
785 3369 856 3431 fuit.
881 3367 1023 3431 Eritsohe
1047 3369 1091 3431 sio
1114 3369 1340 3452 interpretatus

220 3488 267 3545 est
300 3481 494 3559 „Offendere
528 3488 660 3566 possunt
696 3481 786 3544 verba
815 3483 844 3545 ἐν
875 3483 971 3562 αὑτῷι
1005 3484 1144 3547 crederes
1168 3484 1251 3547 enim
1275 3484 1339 3546 ani-

220 3596 366 3673 „mantia
397 3596 428 3658 in
451 3601 534 3658 terra
556 3617 659 3678 neque
682 3619 754 3659 vero
777 3596 809 3659 iu
833 3596 959 3660 aethere·
983 3604 1072 3660 natos
1095 3621 1169 3661 esse.
1194 3596 1341 3660 Ceterum

219 3708 310 3788 „iam
335 3705 444 3771 Valck.
470 3707 570 3771 Diatr.
596 3731 622 3771 o.
648 3707 695 3771 VI
718 3709 827 3772 attulit
851 3709 959 3794 Suppl.
985 3712 1065 3774 532:
1090 3709 1149 3774 ὅθεν
1173 3711 1199 3775 δ’
1220 3708 1342 3775 ἕκαστον

222 3821 288 3897 ,,εῐς
311 3822 343 3885 τὸ
367 3821 443 3898 σῶμ’
468 3821 603 3901 ἄφίκετο,
625 3819 630 3910 Ι
650 3823 764 3885 ἐνταῦθ’
787 3824 901 3897 ἀπῆλθε
926 3824 985 3886 κτὲ.

264 3933 520 4017 „Praetereaque
538 3942 740 4018 anapaestum
760 3937 974 3998 notissimum:
992 3944 1085 4016 χωρεῖ
1093 3937 1118 4000 δ’
1133 3936 1221 4000 ὀιιίσιι
1233 3937 1273 4000 τα
1285 3934 1340 4014 μὲν

222 4047 284 4124 „ia
306 4047 398 4123 γαίας
419 4044 423 4134 l
444 4046 533 4126 ddur'
557 4048 587 4118 ἐς
611 4056 714 4125 γαῖαν,
735 4047 776 4111 rai
795 4048 820 4110 δ’
841 4049 1020 4128 ιἰιιάῐθερίνιι
1042 4047 1046 4136 J
1067 4049 1240 4125 βλαστόντιι
1253 4057 1339 4127 γονῆς

220 4158 290 4236 „aia
310 4158 432 4238 οὐράνιον
453 4156 458 4246 Ι
478 4158 565 4222 πόλιν
585 4154 653 4232 ἦλθε
672 4160 771 4223 arama.
792 4160 839 4222 Ex
850 4161 898 4223 his
911 4169 1046 4245 apparet,
1060 4163 1232 4226 seeundum
1245 4162 1336 4226 Euri-

221 4271 355 4356 „pidem
384 4272 512 4348 animos,
543 4293 622 4354 quae
645 4278 691 4335 est
713 4273 822 4336 melior
844 4275 944 4337 nostri
970 4297 1040 4359 pars
1063 4274 1096 4338 in
1119 4275 1251 4356 aethere,
1276 4298 1339 4342 uon

220 4382 282 4461 „in
304 4389 387 4446 terra
408 4390 497 4448 natos
522 4385 619 4448 esse.'’
