3218 5370
277 646 338 706 110
635 662 985 708 rnnsuornoarazusaa.

296 828 413 892 Verum
442 829 498 892 hac
521 830 778 915 interpretatione
801 853 912 915 parum
935 831 1123 915 proficimus,
1148 832 1310 915 quianon
1335 832 1373 897 de
1449 831 1451 836 ’

253 945 364 1009 animis
393 968 490 1008 sermo
516 951 571 1022 est,
596 945 649 1007 sed
673 944 710 1007 de
734 944 808 1028 ipsis
832 942 1042 1006 animantibus
1067 944 1166 1008 oculis
1189 953 1221 1008 et
1244 944 1373 1010 auribus

254 1057 410 1142 praeditis.
446 1056 558 1139 Neque
592 1056 740 1140 intellego
776 1078 855 1139 quae
889 1056 1053 1142 adscripsit
1090 1057 1250 1142 Engerus:
1282 1057 1374 1136 „Hic

253 1178 387 1249 „tamen
417 1171 619 1256 intelligenda
651 1179 724 1234 sunt
748 1171 894 1234 animalia
917 1171 984 1256 ipsa
1008 1177 1095 1236 motu
1119 1171 1268 1256 praedita,
1293 1171 1374 1235 ideo-

252 1307 343 1368 „que
374 1287 407 1348 in
437 1285 561 1349 aethere
585 1285 690 1369 genita
714 1308 779 1348 esse
802 1285 982 1348 dicuntur.”
1007 1284 1126 1349 Verum
1150 1291 1197 1349 est
1221 1283 1374 1349 vocabula

253 1407 339 1463 κινείν
371 1405 402 1462 et
432 1399 539 1473 κίνντιν
571 1422 660 1485 saepe
691 1423 708 1462 a
738 1399 928 1483 philosophia
951 1400 1096 1485 usurpari
1120 1407 1157 1464 ut
1182 1400 1374 1484 significetur

153 1534 159 1540 ’
253 1512 406 1596 impulsus
435 1532 497 1594 quo
528 1511 680 1574 elementa
711 1511 812 1575 adhuc
839 1513 992 1597 permixta
1016 1511 1230 1591 movebantur,
1258 1511 1371 1597 (Schol.

254 1623 332 1689 οὐδὲν
363 1625 419 1704 adp
450 1624 524 1704 δίχα
553 1626 686 1698 κινήσεως
710 1624 854 1710 γίνεται),
877 1626 928 1689 sed
954 1648 1017 1688 non
1041 1631 1170 1710 apparet
1192 1647 1287 1708 quare
1311 1623 1373 1705 ζῷα

253 1737 303 1801 hic
337 1738 482 1801 dicantur
512 1737 672 1813 κινούμενα.
707 1736 857 1801 Voluitne
886 1744 979 1822 poeta
1009 1739 1149 1801 homines
1173 1744 1205 1801 et
1228 1736 1372 1801 animalia

253 1851 445 1935 distinguere
468 1851 507 1914 ab
530 1851 599 1914 aliis
622 1849 703 1930 ζῴοις
726 1858 814 1914 motu
838 1874 900 1914 uon
924 1851 1081 1934 praeditis,
1108 1875 1134 1914 v.
1159 1873 1183 1914 c.
1198 1850 1370 1929 arboribus,

252 1987 331 2047 quae
355 1963 524 2028 secundum
549 1964 725 2040 nonnullos,
745 1965 960 2048 Anaxagoram
980 1971 1011 2026 et
1030 1963 1260 2049 Empedoclem,
1274 1984 1372 2046 aeque

252 2075 313 2157 ζῷα
347 2075 458 2141 erant?
488 2076 590 2140 Possis
622 2077 715 2140 etiam
745 2078 885 2141 conicere
917 2084 1041 2163 poetam
1065 2076 1176 2140 dixisse
1201 2076 1372 2140 animantia

252 2212 384 2273 quorum
419 2191 535 2254 semina
566 2197 658 2253 antea
688 2191 720 2253 in
752 2197 819 2253 a'e're
852 2188 1160 2254 circumferebantur.
1186 2188 1245 2252 Sed
1269 2190 1372 2253 omnia

249 2305 368 2367 incerta
399 2310 482 2367 sunt.
515 2303 629 2366 Oleum
653 2310 684 2366 et
707 2326 831 2388 operam
855 2303 1021 2388 perdimus,
1046 2303 1164 2387 opinor,
1190 2303 1216 2366 si
1242 2324 1280 2366 err
1305 2325 1373 2365 ver·

251 2416 298 2479 bis
341 2416 557 2501 Aristophanis
591 2416 717 2498 aliquod
751 2415 901 2501 placitum
938 2417 1048 2479 elicere
1084 2438 1242 2479 conamur.
1280 2414 1370 2494 Quae

250 2530 432 2615 Euripidem
456 2531 612 2594 dicentem
635 2530 710 2593 lacit
733 2529 827 2593 nihili
850 2534 977 2592 suntet
1001 2529 1132 2613 speciem
1157 2536 1283 2592 tantum
1308 2528 1371 2614 pla·

250 2644 306 2706 citi
328 2643 452 2720 habent,
477 2665 561 2726 qnam
586 2651 682 2707 ίαννοιι
702 2645 794 2708 cardia
817 2643 988 2724 Euripidem
1012 2642 1140 2706 οννιιιινίί.

295 2755 364 2819 Hoc
394 2762 431 2819 ut
459 2755 586 2840 probem
613 2756 717 2819 locum
740 2755 863 2819 afferam
885 2754 1111 2832 Eratosthenis,
1137 2754 1193 2837 qui
1217 2755 1300 2840 fugit
1323 2755 1369 2818 in-

252 2877 414 2955 terpretes.
446 2869 579 2954 Legitur
601 2870 653 2933 Er.
678 2869 793 2934 Catast.
819 2893 843 2932 c.
870 2870 927 2932 13:
953 2865 1048 2942 Οὖτίς
1076 2869 1109 2954 (0‘
1133 2869 1266 2954 ἡνίοχος)
1293 2869 1371 2932 ε’ττιν

251 2983 433 3063 Ἐριχθόνιος,
469 2980 502 3056 ἐξ
529 2983 697 3064 Ἡφαίστου
727 2982 776 3046 καί
807 2990 864 3056 Γῆς
900 2983 1062 3061 γενόμενος·
1092 2987 1193 3046 τοῦτον
1226 2981 1369 3059 λέγουσιν,

250 3093 332 3159 i'rro‘
359 3096 430 3167 Ζεὺς
452 3089 526 3159 εἶδεν
549 3100 658 3175 πρῶτον
681 3097 709 3159 ἐν
733 3096 886 3175 ἀνθρώποις
906 3093 989 3175 ἅρμα
1008 3092 1155 3175 ζεύξαντα
1175 3092 1279 3167 ίττοιν,
1301 3095 1370 3157 ίαν·

252 3208 349 3287 μοίσαι
383 3207 439 3272 ίτι
473 3217 515 3288 τῇ
550 3213 613 3272 τοῦ
648 3209 755 3282 ἡλίου
789 3208 1005 3286 οὶντίμιμον
1039 3208 1253 3282 ἐποιήσατο
1285 3208 1369 3289 διφ-

249 3323 306 3403 ρεί
312 3347 371 3396 αν,
396 3319 558 3402 ὑποζεύξας
582 3319 687 3394 ίτιτονς
710 3321 836 3394 λευκούς.

293 3435 367 3499 Νοη
390 3442 466 3500 sunt
488 3436 640 3521 pedestris
663 3436 810 3498 orationis
832 3433 923 3498 verba
946 3431 988 3498 ίτι
1008 3472 1053 3483 -
1073 3435 1212 3515 διφρείαν,
1242 3441 1273 3497 et
1298 3456 1369 3498 cum

246 3549 477 3628 Eratosthenes,
511 3549 564 3632 qui
589 3543 688 3612 multa
711 3571 747 3611 ex
771 3548 923 3633 Euripide
948 3547 1068 3632 petivit,
1094 3547 1152 3610 hoc
1176 3547 1242 3632 ipso
1266 3547 1367 3630 capite

251 3685 331 3747 quae
353 3662 521 3746 Euripides
545 3662 582 3724 de
605 3661 807 3724 Erichthonio
830 3668 984 3726 narrasset
1008 3667 1167 3740 memoret,
1192 3683 1255 3723 non
1277 3667 1372 3722 teme-

249 3777 367 3840 rarium
391 3781 438 3839 est
459 3775 645 3838 contendere
668 3773 852 3859 Euripidem
875 3772 992 3837 alicubi
1006 3743 1174 3858 ⁸scripsisse

617 3887 775 3964 ἀντίμιμον
799 3887 877 3960 ἡλίου
902 3886 1001 3968 δίφρῳ.

293 4001 463 4067 Cuiusnam
475 4002 650 4086 tragoediae
662 4001 721 4064 hoc
732 4001 877 4065 fueritne
890 4003 1027 4067 conicere
1040 4003 1166 4086 quidem
1179 4000 1278 4065 ausim
1292 4022 1363 4063 cum

248 4124 280 4181 et
302 4117 463 4200 sequentia
487 4116 558 4201 (vid.
583 4117 619 4180 fr.
644 4116 720 4180 Eur.
747 4118 824 4199 917)
849 4115 1006 4180 undenam
1030 4116 1169 4181 hauserit
1188 4113 1367 4178 Eratosthe-

250 4253 305 4294 nes
327 4229 500 4293 nesciamus
514 4228 547 4312 ¹).

283 4481 301 4541 ί)
318 4479 439 4533 Incertior
455 4485 499 4538 est,
515 4495 565 4527 non
581 4483 663 4526 tamen
677 4477 777 4526 omnino
792 4476 962 4540 neglegendus,
977 4481 1004 4525 ut
1018 4475 1065 4525 hoc
1081 4473 1108 4524 in
1121 4476 1227 4525 transitu
1236 4492 1357 4537 moneam,
