<?xml version="1.0" encoding="UTF-8"?>
<!DOCTYPE html PUBLIC "-//W3C//DTD XHTML 1.0 Transitional//EN"
    "http://www.w3.org/TR/xhtml1/DTD/xhtml1-transitional.dtd">
<html xmlns="http://www.w3.org/1999/xhtml" xml:lang="en" lang="en">
 <head>
  <title>
</title>
<meta http-equiv="Content-Type" content="text/html;charset=utf-8" />
  <meta name='ocr-system' content='tesseract 3.04.00' />
  <meta name='ocr-capabilities' content='ocr_page ocr_carea ocr_par ocr_line ocrx_word'/>
</head>
<body>
  <div class='ocr_page' id='page_1' title='image "./deparodiaincomo00bakhgoog_0070.png"; bbox 0 0 3218 5370; ppageno 0'>
   <div class='ocr_carea' id='block_1_1' title="bbox 712 555 1308 617">
    <p class='ocr_par' dir='ltr' id='par_1_1' title="bbox 712 555 1308 617">
     <span class='ocr_line' id='line_1_1' title="bbox 712 555 1308 617; baseline 0.003 -3"><span class='ocrx_word' id='word_1_1' title='bbox 712 573 837 616; x_wconf 67' lang='lat' dir='ltr'>unsrun.</span> <span class='ocrx_word' id='word_1_2' title='bbox 1270 555 1308 617; x_wconf 84' lang='lat'>57</span> 
     </span>
    </p>
   </div>
   <div class='ocr_carea' id='block_1_2' title="bbox 215 737 1334 1266">
    <p class='ocr_par' dir='ltr' id='par_1_2' title="bbox 215 737 1334 1266">
     <span class='ocr_line' id='line_1_2' title="bbox 216 737 1333 823; baseline -0.003 -21"><span class='ocrx_word' id='word_1_3' title='bbox 216 738 342 802; x_wconf 92' lang='lat' dir='ltr'>risimile</span> <span class='ocrx_word' id='word_1_4' title='bbox 375 744 422 801; x_wconf 87' lang='lat' dir='ltr'>est</span> <span class='ocrx_word' id='word_1_5' title='bbox 454 738 492 801; x_wconf 91' lang='lat' dir='ltr'>ab</span> <span class='ocrx_word' id='word_1_6' title='bbox 515 740 581 823; x_wconf 91' lang='lat' dir='ltr'>ipso</span> <span class='ocrx_word' id='word_1_7' title='bbox 605 738 764 823; x_wconf 79' lang='lat' dir='ltr'>Euripidis</span> <span class='ocrx_word' id='word_1_8' title='bbox 787 737 948 801; x_wconf 75' lang='lat' dir='ltr'>laudatore</span> <span class='ocrx_word' id='word_1_9' title='bbox 973 737 1047 801; x_wconf 90' lang='lat' dir='ltr'>haec</span> <span class='ocrx_word' id='word_1_10' title='bbox 1070 739 1190 822; x_wconf 90' lang='lat' dir='ltr'>prolata</span> <span class='ocrx_word' id='word_1_11' title='bbox 1214 761 1278 801; x_wconf 89' lang='lat' dir='ltr'>esse</span> <span class='ocrx_word' id='word_1_12' title='bbox 1302 745 1333 800; x_wconf 86' lang='lat' dir='ltr'>et</span> 
     </span>
     <span class='ocr_line' id='line_1_3' title="bbox 215 849 1333 934; baseline -0.002 -21"><span class='ocrx_word' id='word_1_13' title='bbox 215 850 372 934; x_wconf 88' lang='lat' dir='ltr'>parodiam</span> <span class='ocrx_word' id='word_1_14' title='bbox 404 850 561 913; x_wconf 85' lang='lat' dir='ltr'>continere</span> <span class='ocrx_word' id='word_1_15' title='bbox 591 872 735 912; x_wconf 89' lang='lat' dir='ltr'>versuum</span> <span class='ocrx_word' id='word_1_16' title='bbox 767 849 1016 933; x_wconf 77' lang='lat' dir='ltr'>Euripideorum.</span> <span class='ocrx_word' id='word_1_17' title='bbox 1043 851 1191 913; x_wconf 76' lang='lat' dir='ltr'><strong>Attamen</strong></span> <span class='ocrx_word' id='word_1_18' title='bbox 1215 851 1253 913; x_wconf 91' lang='lat' dir='ltr'>de</span> <span class='ocrx_word' id='word_1_19' title='bbox 1275 851 1333 933; x_wconf 90' lang='lat' dir='ltr'>pis-</span> 
     </span>
     <span class='ocr_line' id='line_1_4' title="bbox 216 962 1333 1045; baseline 0 -21"><span class='ocrx_word' id='word_1_20' title='bbox 216 962 303 1025; x_wconf 89' lang='lat' dir='ltr'>cibus</span> <span class='ocrx_word' id='word_1_21' title='bbox 337 964 431 1026; x_wconf 82' lang='lat' dir='ltr'>coctis</span> <span class='ocrx_word' id='word_1_22' title='bbox 460 962 509 1025; x_wconf 88' lang='lat' dir='ltr'>vel</span> <span class='ocrx_word' id='word_1_23' title='bbox 540 964 616 1026; x_wconf 88' lang='lat' dir='ltr'>assis</span> <span class='ocrx_word' id='word_1_24' title='bbox 643 963 780 1045; x_wconf 86' lang='lat' dir='ltr'>tragicus</span> <span class='ocrx_word' id='word_1_25' title='bbox 810 969 892 1025; x_wconf 85' lang='lat' dir='ltr'>certe</span> <span class='ocrx_word' id='word_1_26' title='bbox 920 985 984 1025; x_wconf 92' lang='lat' dir='ltr'>uon</span> <span class='ocrx_word' id='word_1_27' title='bbox 1007 963 1081 1045; x_wconf 84' lang='lat' dir='ltr'>egit,</span> <span class='ocrx_word' id='word_1_28' title='bbox 1106 963 1169 1038; x_wconf 88' lang='lat' dir='ltr'>sed,</span> <span class='ocrx_word' id='word_1_29' title='bbox 1194 969 1231 1024; x_wconf 93' lang='lat' dir='ltr'>ut</span> <span class='ocrx_word' id='word_1_30' title='bbox 1255 963 1333 1024; x_wconf 91' lang='lat' dir='ltr'>mihi</span> 
     </span>
     <span class='ocr_line' id='line_1_5' title="bbox 216 1073 1332 1156; baseline 0.001 -21"><span class='ocrx_word' id='word_1_31' title='bbox 216 1073 349 1152; x_wconf 82' lang='lat' dir='ltr'>videtur,</span> <span class='ocrx_word' id='word_1_32' title='bbox 382 1075 562 1156; x_wconf 89' lang='lat' dir='ltr'>loquentem</span> <span class='ocrx_word' id='word_1_33' title='bbox 594 1074 668 1136; x_wconf 87' lang='lat' dir='ltr'>feeit</span> <span class='ocrx_word' id='word_1_34' title='bbox 691 1074 847 1136; x_wconf 91' lang='lat' dir='ltr'>hominem</span> <span class='ocrx_word' id='word_1_35' title='bbox 874 1082 1005 1136; x_wconf 86' lang='lat' dir='ltr'>mortem</span> <span class='ocrx_word' id='word_1_36' title='bbox 1028 1075 1109 1136; x_wconf 90' lang='lat' dir='ltr'>vitae</span> <span class='ocrx_word' id='word_1_37' title='bbox 1134 1096 1332 1137; x_wconf 79' lang='lat' dir='ltr'>aerumnosae</span> 
     </span>
     <span class='ocr_line' id='line_1_6' title="bbox 215 1184 1334 1266; baseline 0 -18"><span class='ocrx_word' id='word_1_38' title='bbox 215 1187 438 1250; x_wconf 81' lang='lat' dir='ltr'>anteferentem</span> <span class='ocrx_word' id='word_1_39' title='bbox 468 1195 500 1249; x_wconf 87' lang='lat' dir='ltr'>et</span> <span class='ocrx_word' id='word_1_40' title='bbox 529 1193 584 1248; x_wconf 89' lang='lat' dir='ltr'>aut</span> <span class='ocrx_word' id='word_1_41' title='bbox 610 1187 715 1266; x_wconf 76' lang='grc' dir='ltr'><em>οὶγρίας</em></span> <span class='ocrx_word' id='word_1_42' title='bbox 738 1184 839 1263; x_wconf 63' lang='grc' dir='ltr'><em>ἅλμης</em></span> <span class='ocrx_word' id='word_1_43' title='bbox 864 1186 975 1263; x_wconf 73' lang='grc' dir='ltr'><em>νιέρααπι</em></span> <span class='ocrx_word' id='word_1_44' title='bbox 998 1209 1030 1249; x_wconf 90' lang='lat' dir='ltr'>se</span> <span class='ocrx_word' id='word_1_45' title='bbox 1053 1185 1174 1249; x_wconf 75' lang='lat' dir='ltr'>tradere</span> <span class='ocrx_word' id='word_1_46' title='bbox 1198 1193 1254 1250; x_wconf 86' lang='lat' dir='ltr'>aut</span> <span class='ocrx_word' id='word_1_47' title='bbox 1276 1187 1334 1248; x_wconf 91' lang='lat' dir='ltr'>ful·</span> 
     </span>
    </p>
   </div>
   <div class='ocr_carea' id='block_1_3' title="bbox 111 1298 1333 1384">
    <p class='ocr_par' dir='ltr' id='par_1_3' title="bbox 111 1298 1333 1384">
     <span class='ocr_line' id='line_1_7' title="bbox 111 1298 1333 1384; baseline 0.001 -22"><span class='ocrx_word' id='word_1_48' title='bbox 111 1302 113 1306; x_wconf 75' lang='grc'><strong>’</strong></span> <span class='ocrx_word' id='word_1_49' title='bbox 216 1299 308 1362; x_wconf 93' lang='lat' dir='ltr'>minis</span> <span class='ocrx_word' id='word_1_50' title='bbox 331 1298 397 1379; x_wconf 89' lang='grc' dir='ltr'>πυρ1</span> <span class='ocrx_word' id='word_1_51' title='bbox 423 1299 615 1379; x_wconf 75' lang='grc' dir='ltr'><em>παμφλέκτῳ</em></span> <span class='ocrx_word' id='word_1_52' title='bbox 638 1323 670 1362; x_wconf 88' lang='lat' dir='ltr'>se</span> <span class='ocrx_word' id='word_1_53' title='bbox 690 1301 812 1384; x_wconf 81' lang='lat' dir='ltr'>percuti</span> <span class='ocrx_word' id='word_1_54' title='bbox 832 1302 1019 1384; x_wconf 81' lang='lat' dir='ltr'>cupientem.</span> <span class='ocrx_word' id='word_1_55' title='bbox 1043 1300 1191 1379; x_wconf 83' lang='lat' dir='ltr'>Similem,</span> <span class='ocrx_word' id='word_1_56' title='bbox 1205 1303 1333 1363; x_wconf 83' lang='lat' dir='ltr'>fortasse</span> 
     </span>
    </p>
   </div>
   <div class='ocr_carea' id='block_1_4' title="bbox 185 1412 1360 3742">
    <p class='ocr_par' dir='ltr' id='par_1_4' title="bbox 185 1412 1360 3294">
     <span class='ocr_line' id='line_1_8' title="bbox 216 1412 1110 1494; baseline 0 -18"><span class='ocrx_word' id='word_1_57' title='bbox 216 1413 349 1476; x_wconf 91' lang='lat' dir='ltr'>eundem</span> <span class='ocrx_word' id='word_1_58' title='bbox 372 1419 466 1494; x_wconf 87' lang='lat' dir='ltr'>atque</span> <span class='ocrx_word' id='word_1_59' title='bbox 490 1414 544 1477; x_wconf 83' lang='lat' dir='ltr'>Ar.</span> <span class='ocrx_word' id='word_1_60' title='bbox 570 1414 672 1477; x_wconf 91' lang='lat' dir='ltr'>locum</span> <span class='ocrx_word' id='word_1_61' title='bbox 694 1412 838 1477; x_wconf 81' lang='lat' dir='ltr'>imitatus</span> <span class='ocrx_word' id='word_1_62' title='bbox 862 1421 908 1476; x_wconf 89' lang='lat' dir='ltr'>est</span> <span class='ocrx_word' id='word_1_63' title='bbox 931 1414 1110 1477; x_wconf 78' lang='lat' dir='ltr'>Axionicus,</span> 
     </span>
     <span class='ocr_line' id='line_1_9' title="bbox 259 1525 1334 1610; baseline 0 -21"><span class='ocrx_word' id='word_1_64' title='bbox 259 1525 423 1589; x_wconf 79' lang='lat' dir='ltr'>Eiusmodi</span> <span class='ocrx_word' id='word_1_65' title='bbox 454 1525 611 1609; x_wconf 85' lang='lat' dir='ltr'>perediam</span> <span class='ocrx_word' id='word_1_66' title='bbox 645 1527 744 1609; x_wconf 89' lang='lat' dir='ltr'>poetis</span> <span class='ocrx_word' id='word_1_67' title='bbox 779 1527 921 1610; x_wconf 86' lang='lat' dir='ltr'>inprimis</span> <span class='ocrx_word' id='word_1_68' title='bbox 951 1526 1069 1589; x_wconf 91' lang='lat' dir='ltr'>mediae</span> <span class='ocrx_word' id='word_1_69' title='bbox 1100 1532 1132 1589; x_wconf 86' lang='lat' dir='ltr'>et</span> <span class='ocrx_word' id='word_1_70' title='bbox 1162 1547 1259 1589; x_wconf 87' lang='lat' dir='ltr'>novae</span> <span class='ocrx_word' id='word_1_71' title='bbox 1287 1548 1334 1589; x_wconf 93' lang='grc'>00-</span> 
     </span>
     <span class='ocr_line' id='line_1_10' title="bbox 216 1637 1333 1723; baseline -0.001 -22"><span class='ocrx_word' id='word_1_72' title='bbox 216 1639 355 1702; x_wconf 88' lang='lat' dir='ltr'>moediae</span> <span class='ocrx_word' id='word_1_73' title='bbox 378 1639 576 1702; x_wconf 87' lang='lat' dir='ltr'>vehementer</span> <span class='ocrx_word' id='word_1_74' title='bbox 598 1639 751 1723; x_wconf 84' lang='lat' dir='ltr'>placuisse</span> <span class='ocrx_word' id='word_1_75' title='bbox 773 1646 901 1723; x_wconf 88' lang='lat' dir='ltr'>apparet</span> <span class='ocrx_word' id='word_1_76' title='bbox 913 1663 929 1710; x_wconf 89' lang='lat' dir='ltr'>e</span> <span class='ocrx_word' id='word_1_77' title='bbox 941 1639 1105 1723; x_wconf 87' lang='lat' dir='ltr'>permultis</span> <span class='ocrx_word' id='word_1_78' title='bbox 1118 1639 1193 1702; x_wconf 86' lang='lat' dir='ltr'>loeis</span> <span class='ocrx_word' id='word_1_79' title='bbox 1206 1637 1333 1701; x_wconf 73' lang='grc'>11101110-</span> 
     </span>
     <span class='ocr_line' id='line_1_11' title="bbox 215 1737 1333 1835; baseline -0.001 -21"><span class='ocrx_word' id='word_1_80' title='bbox 215 1751 290 1835; x_wconf 86' lang='lat' dir='ltr'>gicis</span> <span class='ocrx_word' id='word_1_81' title='bbox 322 1749 422 1815; x_wconf 89' lang='lat' dir='ltr'>verbis</span> <span class='ocrx_word' id='word_1_82' title='bbox 451 1757 586 1814; x_wconf 86' lang='lat' dir='ltr'>utuntur</span> <span class='ocrx_word' id='word_1_83' title='bbox 616 1752 649 1814; x_wconf 89' lang='lat' dir='ltr'>in</span> <span class='ocrx_word' id='word_1_84' title='bbox 678 1751 753 1815; x_wconf 88' lang='lat' dir='ltr'>cibis</span> <span class='ocrx_word' id='word_1_85' title='bbox 783 1751 1001 1815; x_wconf 89' lang='lat' dir='ltr'>describendis.</span> <span class='ocrx_word' id='word_1_86' title='bbox 1036 1737 1083 1814; x_wconf 79' lang='grc'>(11.</span> <span class='ocrx_word' id='word_1_87' title='bbox 1108 1773 1187 1833; x_wconf 91' lang='lat' dir='ltr'>quae</span> <span class='ocrx_word' id='word_1_88' title='bbox 1212 1750 1333 1834; x_wconf 77' lang='lat' dir='ltr'>scripsit</span> 
     </span>
     <span class='ocr_line' id='line_1_12' title="bbox 185 1855 1331 1947; baseline -0.003 -21"><span class='ocrx_word' id='word_1_89' title='bbox 185 1855 188 1860; x_wconf 61' lang='grc'><strong>’</strong></span> <span class='ocrx_word' id='word_1_90' title='bbox 215 1865 408 1945; x_wconf 73' lang='grc' dir='ltr'><em>Ααίιὶρνθααευ,</em></span> <span class='ocrx_word' id='word_1_91' title='bbox 444 1863 541 1926; x_wconf 92' lang='lat' dir='ltr'>Mein.</span> <span class='ocrx_word' id='word_1_92' title='bbox 578 1863 632 1925; x_wconf 89' lang='lat' dir='ltr'>IH</span> <span class='ocrx_word' id='word_1_93' title='bbox 663 1886 692 1947; x_wconf 92' lang='lat' dir='ltr'>p.</span> <span class='ocrx_word' id='word_1_94' title='bbox 727 1865 755 1940; x_wconf 88' lang='lat'>3,</span> <span class='ocrx_word' id='word_1_95' title='bbox 790 1866 840 1939; x_wconf 88' lang='lat'>55,</span> <span class='ocrx_word' id='word_1_96' title='bbox 874 1866 954 1940; x_wconf 72' lang='lat'>1253</span> <span class='ocrx_word' id='word_1_97' title='bbox 985 1864 1212 1926; x_wconf 79' lang='lat' dir='ltr'>Acaaacdridca</span> <span class='ocrx_word' id='word_1_98' title='bbox 1235 1861 1276 1925; x_wconf 93' lang='lat' dir='ltr'>ib.</span> <span class='ocrx_word' id='word_1_99' title='bbox 1301 1884 1331 1945; x_wconf 90' lang='lat' dir='ltr'>p.</span> 
     </span>
     <span class='ocr_line' id='line_1_13' title="bbox 217 1968 1332 2059; baseline -0.001 -22"><span class='ocrx_word' id='word_1_100' title='bbox 217 1977 297 2052; x_wconf 70' lang='lat'>1743</span> <span class='ocrx_word' id='word_1_101' title='bbox 322 1977 456 2039; x_wconf 72' lang='lat' dir='ltr'>Eubulus</span> <span class='ocrx_word' id='word_1_102' title='bbox 479 1968 523 2038; x_wconf 85' lang='lat' dir='ltr'>ib.</span> <span class='ocrx_word' id='word_1_103' title='bbox 546 1998 575 2058; x_wconf 92' lang='lat' dir='ltr'>p.</span> <span class='ocrx_word' id='word_1_104' title='bbox 604 1977 677 2053; x_wconf 77' lang='lat'><strong>236,</strong></span> <span class='ocrx_word' id='word_1_105' title='bbox 704 1979 784 2053; x_wconf 72' lang='lat'>2423</span> <span class='ocrx_word' id='word_1_106' title='bbox 809 1977 982 2038; x_wconf 75' lang='grc' dir='ltr'><em>Χοααοσθιισ</em></span> <span class='ocrx_word' id='word_1_107' title='bbox 1005 1974 1046 2038; x_wconf 93' lang='lat' dir='ltr'>ib.</span> <span class='ocrx_word' id='word_1_108' title='bbox 1073 1998 1101 2059; x_wconf 93' lang='lat' dir='ltr'>p.</span> <span class='ocrx_word' id='word_1_109' title='bbox 1129 1977 1209 2051; x_wconf 75' lang='lat'>6143</span> <span class='ocrx_word' id='word_1_110' title='bbox 1234 1976 1332 2037; x_wconf 71' lang='lat' dir='ltr'>Plue-</span> 
     </span>
     <span class='ocr_line' id='line_1_14' title="bbox 214 2085 1331 2172; baseline 0 -22"><span class='ocrx_word' id='word_1_111' title='bbox 214 2111 276 2151; x_wconf 87' lang='grc' dir='ltr'><em>ναονν</em></span> <span class='ocrx_word' id='word_1_112' title='bbox 310 2087 351 2150; x_wconf 96' lang='lat' dir='ltr'>ib.</span> <span class='ocrx_word' id='word_1_113' title='bbox 383 2085 432 2149; x_wconf 81' lang='lat' dir='ltr'>IV</span> <span class='ocrx_word' id='word_1_114' title='bbox 461 2110 491 2171; x_wconf 90' lang='lat' dir='ltr'>p.</span> <span class='ocrx_word' id='word_1_115' title='bbox 526 2091 586 2166; x_wconf 75' lang='lat'>263</span> <span class='ocrx_word' id='word_1_116' title='bbox 619 2090 762 2170; x_wconf 68' lang='lat' dir='ltr'>Epidicus</span> <span class='ocrx_word' id='word_1_117' title='bbox 792 2088 833 2150; x_wconf 91' lang='lat' dir='ltr'>ib.</span> <span class='ocrx_word' id='word_1_118' title='bbox 858 2111 887 2172; x_wconf 92' lang='lat' dir='ltr'>p.</span> <span class='ocrx_word' id='word_1_119' title='bbox 914 2091 975 2150; x_wconf 86' lang='lat'>505</span> <span class='ocrx_word' id='word_1_120' title='bbox 985 2116 994 2166; x_wconf 91' lang='lat'>;</span> <span class='ocrx_word' id='word_1_121' title='bbox 1018 2089 1213 2152; x_wconf 75' lang='grc' dir='ltr'><em>Νααείοοαθοε</em></span> <span class='ocrx_word' id='word_1_122' title='bbox 1235 2086 1277 2152; x_wconf 93' lang='lat' dir='ltr'>ib.</span> <span class='ocrx_word' id='word_1_123' title='bbox 1301 2110 1331 2171; x_wconf 91' lang='lat' dir='ltr'>p.</span> 
     </span>
     <span class='ocr_line' id='line_1_15' title="bbox 217 2199 1330 2285; baseline 0.003 -24"><span class='ocrx_word' id='word_1_124' title='bbox 217 2202 288 2264; x_wconf 88' lang='grc'>575.</span> <span class='ocrx_word' id='word_1_125' title='bbox 314 2199 414 2263; x_wconf 83' lang='grc' dir='ltr'>Ρα1110</span> <span class='ocrx_word' id='word_1_126' title='bbox 437 2201 527 2264; x_wconf 90' lang='lat' dir='ltr'>aliter</span> <span class='ocrx_word' id='word_1_127' title='bbox 548 2224 579 2263; x_wconf 88' lang='lat' dir='ltr'>se</span> <span class='ocrx_word' id='word_1_128' title='bbox 602 2201 695 2265; x_wconf 86' lang='lat' dir='ltr'>habet</span> <span class='ocrx_word' id='word_1_129' title='bbox 718 2202 844 2285; x_wconf 88' lang='lat' dir='ltr'>parodia</span> <span class='ocrx_word' id='word_1_130' title='bbox 866 2203 1055 2265; x_wconf 77' lang='lat' dir='ltr'>Atdecicoaia</span> <span class='ocrx_word' id='word_1_131' title='bbox 1078 2201 1119 2264; x_wconf 94' lang='lat' dir='ltr'>ib.</span> <span class='ocrx_word' id='word_1_132' title='bbox 1145 2199 1194 2263; x_wconf 85' lang='lat' dir='ltr'>IV</span> <span class='ocrx_word' id='word_1_133' title='bbox 1216 2218 1246 2285; x_wconf 87' lang='lat' dir='ltr'>p.</span> <span class='ocrx_word' id='word_1_134' title='bbox 1270 2203 1330 2264; x_wconf 92' lang='grc'>557</span> 
     </span>
     <span class='ocr_line' id='line_1_16' title="bbox 215 2311 1360 2398; baseline 0 -24"><span class='ocrx_word' id='word_1_135' title='bbox 215 2334 280 2394; x_wconf 92' lang='lat' dir='ltr'>sqq.</span> <span class='ocrx_word' id='word_1_136' title='bbox 317 2311 507 2376; x_wconf 83' lang='lat' dir='ltr'>Notissimus</span> <span class='ocrx_word' id='word_1_137' title='bbox 541 2319 588 2376; x_wconf 82' lang='lat' dir='ltr'>est</span> <span class='ocrx_word' id='word_1_138' title='bbox 618 2313 705 2376; x_wconf 90' lang='lat' dir='ltr'>loeus</span> <span class='ocrx_word' id='word_1_139' title='bbox 736 2314 910 2398; x_wconf 85' lang='lat' dir='ltr'>Aeschylus</span> <span class='ocrx_word' id='word_1_140' title='bbox 941 2313 1043 2376; x_wconf 93' lang='lat' dir='ltr'>Prom.</span> <span class='ocrx_word' id='word_1_141' title='bbox 1069 2315 1254 2389; x_wconf 72' lang='lat'>437-506,</span> <span class='ocrx_word' id='word_1_142' title='bbox 1279 2312 1332 2376; x_wconf 92' lang='lat' dir='ltr'>ubi</span> <span class='ocrx_word' id='word_1_143' title='bbox 1358 2317 1360 2321; x_wconf 74' lang='grc'><em>’</em></span> 
     </span>
     <span class='ocr_line' id='line_1_17' title="bbox 214 2423 1331 2516; baseline 0.003 -31"><span class='ocrx_word' id='word_1_144' title='bbox 214 2424 367 2507; x_wconf 86' lang='lat' dir='ltr'>gloriatur</span> <span class='ocrx_word' id='word_1_145' title='bbox 391 2423 595 2488; x_wconf 77' lang='lat' dir='ltr'>Prometheus</span> <span class='ocrx_word' id='word_1_146' title='bbox 618 2448 650 2488; x_wconf 91' lang='lat' dir='ltr'>se</span> <span class='ocrx_word' id='word_1_147' title='bbox 673 2425 816 2488; x_wconf 90' lang='lat' dir='ltr'>homines</span> <span class='ocrx_word' id='word_1_148' title='bbox 839 2427 983 2489; x_wconf 80' lang='lat' dir='ltr'>scientias</span> <span class='ocrx_word' id='word_1_149' title='bbox 1007 2432 1150 2516; x_wconf 87' lang='lat' dir='ltr'>artesque</span> <span class='ocrx_word' id='word_1_150' title='bbox 1174 2426 1331 2503; x_wconf 81' lang='lat' dir='ltr'>docuisse3</span> 
     </span>
     <span class='ocr_line' id='line_1_18' title="bbox 214 2538 1331 2623; baseline 0.002 -24"><span class='ocrx_word' id='word_1_151' title='bbox 214 2538 304 2600; x_wconf 87' lang='lat' dir='ltr'>cuius</span> <span class='ocrx_word' id='word_1_152' title='bbox 326 2538 456 2620; x_wconf 85' lang='lat' dir='ltr'>vestigia</span> <span class='ocrx_word' id='word_1_153' title='bbox 478 2539 606 2621; x_wconf 85' lang='lat' dir='ltr'>ingressi</span> <span class='ocrx_word' id='word_1_154' title='bbox 630 2545 703 2601; x_wconf 87' lang='lat' dir='ltr'>sunt</span> <span class='ocrx_word' id='word_1_155' title='bbox 728 2538 893 2623; x_wconf 82' lang='lat' dir='ltr'>Euripides</span> <span class='ocrx_word' id='word_1_156' title='bbox 912 2540 944 2602; x_wconf 95' lang='lat' dir='ltr'>in</span> <span class='ocrx_word' id='word_1_157' title='bbox 965 2539 1130 2602; x_wconf 85' lang='lat' dir='ltr'>Palamede</span> <span class='ocrx_word' id='word_1_158' title='bbox 1147 2539 1183 2603; x_wconf 81' lang='lat' dir='ltr'>fr.</span> <span class='ocrx_word' id='word_1_159' title='bbox 1200 2542 1272 2618; x_wconf 78' lang='lat'><strong>582,</strong></span> <span class='ocrx_word' id='word_1_160' title='bbox 1293 2539 1331 2601; x_wconf 86' lang='grc'>01.</span> 
     </span>
     <span class='ocr_line' id='line_1_19' title="bbox 213 2649 1332 2736; baseline 0.003 -25"><span class='ocrx_word' id='word_1_161' title='bbox 213 2649 250 2711; x_wconf 84' lang='lat' dir='ltr'>fr.</span> <span class='ocrx_word' id='word_1_162' title='bbox 283 2650 386 2734; x_wconf 83' lang='lat' dir='ltr'>adesp.</span> <span class='ocrx_word' id='word_1_163' title='bbox 417 2649 459 2713; x_wconf 91' lang='lat' dir='ltr'>N.</span> <span class='ocrx_word' id='word_1_164' title='bbox 492 2653 572 2727; x_wconf 76' lang='lat'>3933</span> <span class='ocrx_word' id='word_1_165' title='bbox 607 2651 719 2715; x_wconf 86' lang='lat' dir='ltr'>Critias</span> <span class='ocrx_word' id='word_1_166' title='bbox 750 2652 782 2715; x_wconf 92' lang='lat' dir='ltr'>in</span> <span class='ocrx_word' id='word_1_167' title='bbox 813 2651 951 2736; x_wconf 83' lang='lat' dir='ltr'>Sisypho,</span> <span class='ocrx_word' id='word_1_168' title='bbox 974 2651 1016 2714; x_wconf 91' lang='lat' dir='ltr'>N.</span> <span class='ocrx_word' id='word_1_169' title='bbox 1041 2653 1078 2714; x_wconf 87' lang='lat' dir='ltr'>fr.</span> <span class='ocrx_word' id='word_1_170' title='bbox 1099 2651 1179 2719; x_wconf 73' lang='lat' dir='ltr'>crit.</span> <span class='ocrx_word' id='word_1_171' title='bbox 1207 2655 1242 2729; x_wconf 72' lang='lat'>15</span> <span class='ocrx_word' id='word_1_172' title='bbox 1267 2652 1332 2714; x_wconf 82' lang='lat' dir='ltr'>Mo</span> 
     </span>
     <span class='ocr_line' id='line_1_20' title="bbox 214 2761 1331 2847; baseline 0.003 -23"><span class='ocrx_word' id='word_1_173' title='bbox 214 2761 329 2839; x_wconf 83' lang='lat' dir='ltr'>achion,</span> <span class='ocrx_word' id='word_1_174' title='bbox 354 2761 396 2825; x_wconf 91' lang='lat' dir='ltr'>N.</span> <span class='ocrx_word' id='word_1_175' title='bbox 422 2763 458 2826; x_wconf 87' lang='lat' dir='ltr'>h.</span> <span class='ocrx_word' id='word_1_176' title='bbox 484 2763 603 2826; x_wconf 88' lang='lat' dir='ltr'>Mosch.</span> <span class='ocrx_word' id='word_1_177' title='bbox 631 2765 658 2826; x_wconf 91' lang='grc'>7.</span> <span class='ocrx_word' id='word_1_178' title='bbox 684 2763 803 2826; x_wconf 87' lang='lat' dir='ltr'>Similia</span> <span class='ocrx_word' id='word_1_179' title='bbox 820 2770 926 2826; x_wconf 91' lang='lat' dir='ltr'>autem</span> <span class='ocrx_word' id='word_1_180' title='bbox 946 2764 1095 2846; x_wconf 84' lang='lat' dir='ltr'>leguntur</span> <span class='ocrx_word' id='word_1_181' title='bbox 1115 2765 1148 2827; x_wconf 91' lang='lat' dir='ltr'>in</span> <span class='ocrx_word' id='word_1_182' title='bbox 1159 2765 1331 2847; x_wconf 86' lang='lat' dir='ltr'>fragmento</span> 
     </span>
     <span class='ocr_line' id='line_1_21' title="bbox 214 2875 1330 2959; baseline 0.001 -20"><span class='ocrx_word' id='word_1_183' title='bbox 214 2875 416 2939; x_wconf 88' lang='lat' dir='ltr'>Athenieonis</span> <span class='ocrx_word' id='word_1_184' title='bbox 450 2876 471 2939; x_wconf 95' lang='lat' dir='ltr'>l.</span> <span class='ocrx_word' id='word_1_185' title='bbox 503 2876 535 2953; x_wconf 86' lang='lat' dir='ltr'>l.,</span> <span class='ocrx_word' id='word_1_186' title='bbox 567 2877 622 2959; x_wconf 93' lang='lat' dir='ltr'>qui</span> <span class='ocrx_word' id='word_1_187' title='bbox 653 2899 716 2939; x_wconf 90' lang='lat' dir='ltr'>non</span> <span class='ocrx_word' id='word_1_188' title='bbox 748 2876 932 2939; x_wconf 86' lang='lat' dir='ltr'>Prometheo</span> <span class='ocrx_word' id='word_1_189' title='bbox 955 2899 1056 2959; x_wconf 91' lang='lat' dir='ltr'>neque</span> <span class='ocrx_word' id='word_1_190' title='bbox 1079 2877 1175 2940; x_wconf 90' lang='lat' dir='ltr'>alicui</span> <span class='ocrx_word' id='word_1_191' title='bbox 1197 2878 1254 2940; x_wconf 89' lang='lat' dir='ltr'>deo</span> <span class='ocrx_word' id='word_1_192' title='bbox 1278 2878 1330 2940; x_wconf 88' lang='lat' dir='ltr'>sed</span> 
     </span>
     <span class='ocr_line' id='line_1_22' title="bbox 215 2988 1174 3071; baseline 0.001 -21"><span class='ocrx_word' id='word_1_193' title='bbox 215 2988 321 3070; x_wconf 87' lang='lat' dir='ltr'>coquis</span> <span class='ocrx_word' id='word_1_194' title='bbox 343 2989 445 3051; x_wconf 92' lang='lat' dir='ltr'>omnia</span> <span class='ocrx_word' id='word_1_195' title='bbox 470 2988 584 3071; x_wconf 91' lang='lat' dir='ltr'>quibus</span> <span class='ocrx_word' id='word_1_196' title='bbox 606 2989 756 3053; x_wconf 89' lang='lat' dir='ltr'>fruuntur</span> <span class='ocrx_word' id='word_1_197' title='bbox 780 2990 918 3052; x_wconf 89' lang='lat' dir='ltr'>homines</span> <span class='ocrx_word' id='word_1_198' title='bbox 941 2989 1021 3052; x_wconf 90' lang='lat' dir='ltr'>bona</span> <span class='ocrx_word' id='word_1_199' title='bbox 1045 2990 1174 3053; x_wconf 85' lang='lat' dir='ltr'>tribuit:</span> 
     </span>
     <span class='ocr_line' id='line_1_23' title="bbox 413 3095 1091 3181; baseline -0.001 -17"><span class='ocrx_word' id='word_1_200' title='bbox 413 3103 463 3164; x_wconf 83' lang='grc' dir='ltr'>οὐκ</span> <span class='ocrx_word' id='word_1_201' title='bbox 485 3095 551 3164; x_wconf 78' lang='grc' dir='ltr'><em>οἶσθ’</em></span> <span class='ocrx_word' id='word_1_202' title='bbox 576 3098 617 3164; x_wconf 72' lang='grc' dir='ltr'>ὅτι</span> <span class='ocrx_word' id='word_1_203' title='bbox 639 3100 756 3164; x_wconf 71' lang='grc' dir='ltr'><em>πάντων</em></span> <span class='ocrx_word' id='word_1_204' title='bbox 780 3102 796 3174; x_wconf 72' lang='grc' dir='ltr'><strong><em>ἡ</em></strong></span> <span class='ocrx_word' id='word_1_205' title='bbox 821 3102 975 3181; x_wconf 69' lang='grc' dir='ltr'><em>μαγειρικὴ</em></span> <span class='ocrx_word' id='word_1_206' title='bbox 1000 3102 1091 3180; x_wconf 77' lang='grc' dir='ltr'><em>σε’χνν</em></span> 
     </span>
     <span class='ocr_line' id='line_1_24' title="bbox 412 3213 1142 3294; baseline 0.005 -20"><span class='ocrx_word' id='word_1_207' title='bbox 412 3214 479 3293; x_wconf 81' lang='grc' dir='ltr'><em>πρὸς</em></span> <span class='ocrx_word' id='word_1_208' title='bbox 503 3213 651 3289; x_wconf 81' lang='grc' dir='ltr'><em>εὐσέβειαν</em></span> <span class='ocrx_word' id='word_1_209' title='bbox 674 3221 804 3277; x_wconf 79' lang='grc' dir='ltr'><em>πλεῖστα</em></span> <span class='ocrx_word' id='word_1_210' title='bbox 827 3214 1028 3294; x_wconf 74' lang='grc' dir='ltr'>προσενήνεχθ’</span> <span class='ocrx_word' id='word_1_211' title='bbox 1054 3214 1142 3289; x_wconf 64' lang='lat' dir='ltr'>daem</span> 
     </span>
    </p>

    <p class='ocr_par' dir='ltr' id='par_1_5' title="bbox 214 3326 1207 3742">
     <span class='ocr_line' id='line_1_25' title="bbox 214 3326 1135 3413; baseline 0.001 -26"><span class='ocrx_word' id='word_1_212' title='bbox 214 3332 246 3388; x_wconf 87' lang='lat' dir='ltr'>et</span> <span class='ocrx_word' id='word_1_213' title='bbox 268 3326 380 3390; x_wconf 89' lang='lat' dir='ltr'>deinde</span> <span class='ocrx_word' id='word_1_214' title='bbox 1132 3407 1135 3413; x_wconf 93' lang='lat'>.</span> 
     </span>
     <span class='ocr_line' id='line_1_26' title="bbox 433 3439 1163 3519; baseline 0.004 -18"><span class='ocrx_word' id='word_1_215' title='bbox 433 3442 483 3501; x_wconf 80' lang='grc' dir='ltr'>τοῦ</span> <span class='ocrx_word' id='word_1_216' title='bbox 507 3439 653 3517; x_wconf 74' lang='grc' dir='ltr'><em>θηριώδους</em></span> <span class='ocrx_word' id='word_1_217' title='bbox 677 3439 727 3501; x_wconf 72' lang='grc' dir='ltr'>καὶ</span> <span class='ocrx_word' id='word_1_218' title='bbox 753 3441 957 3519; x_wconf 67' lang='grc' dir='ltr'>παρασπόνδου</span> <span class='ocrx_word' id='word_1_219' title='bbox 985 3440 1048 3516; x_wconf 77' lang='grc' dir='ltr'><em>βίον</em></span> <span class='ocrx_word' id='word_1_220' title='bbox 1161 3501 1163 3504; x_wconf 85' lang='grc'>.</span> 
     </span>
     <span class='ocr_line' id='line_1_27' title="bbox 434 3549 1207 3632; baseline 0.004 -20"><span class='ocrx_word' id='word_1_221' title='bbox 434 3552 514 3626; x_wconf 70' lang='grc' dir='ltr'>ἡμᾶς</span> <span class='ocrx_word' id='word_1_222' title='bbox 539 3550 596 3628; x_wconf 77' lang='grc' dir='ltr'>γαρ</span> <span class='ocrx_word' id='word_1_223' title='bbox 619 3549 798 3614; x_wconf 70' lang='grc' dir='ltr'><em>ἀπολύσασα</em></span> <span class='ocrx_word' id='word_1_224' title='bbox 822 3551 873 3614; x_wconf 78' lang='grc' dir='ltr'>καὶ</span> <span class='ocrx_word' id='word_1_225' title='bbox 896 3559 949 3625; x_wconf 78' lang='grc' dir='ltr'>τῆς</span> <span class='ocrx_word' id='word_1_226' title='bbox 973 3553 1129 3632; x_wconf 77' lang='grc' dir='ltr'><em>δυσχεροῦς</em></span> <span class='ocrx_word' id='word_1_227' title='bbox 1205 3617 1207 3621; x_wconf 69' lang='grc'><em>,</em></span> 
     </span>
     <span class='ocr_line' id='line_1_28' title="bbox 432 3661 1144 3742; baseline 0.003 -18"><span class='ocrx_word' id='word_1_228' title='bbox 432 3663 675 3742; x_wconf 70' lang='grc' dir='ltr'><em>ἀλληλοφαγίας,</em></span> <span class='ocrx_word' id='word_1_229' title='bbox 700 3661 794 3740; x_wconf 74' lang='grc' dir='ltr'><em>ἤγαγ’</em></span> <span class='ocrx_word' id='word_1_230' title='bbox 818 3664 856 3734; x_wconf 78' lang='grc' dir='ltr'>εἰς</span> <span class='ocrx_word' id='word_1_231' title='bbox 880 3661 963 3736; x_wconf 77' lang='grc' dir='ltr'><em>πθξιν</em></span> <span class='ocrx_word' id='word_1_232' title='bbox 986 3664 1060 3736; x_wconf 81' lang='grc' dir='ltr'><em>τινα,</em></span> <span class='ocrx_word' id='word_1_233' title='bbox 1085 3666 1144 3727; x_wconf 80' lang='grc' dir='ltr'>κπὲ.</span> 
     </span>
    </p>
   </div>
   <div class='ocr_carea' id='block_1_5' title="bbox 212 3875 890 3966">
    <p class='ocr_par' dir='ltr' id='par_1_6' title="bbox 212 3875 890 3966">
     <span class='ocr_line' id='line_1_29' title="bbox 212 3875 890 3966; baseline 0.004 -21"><span class='ocrx_word' id='word_1_234' title='bbox 212 3882 265 3947; x_wconf 81' lang='lat' dir='ltr'>Vs.</span> <span class='ocrx_word' id='word_1_235' title='bbox 291 3875 371 3945; x_wconf 82' lang='grc'>338.</span> <span class='ocrx_word' id='word_1_236' title='bbox 650 3889 700 3947; x_wconf 77' lang='grc' dir='ltr'>ποῦ</span> <span class='ocrx_word' id='word_1_237' title='bbox 722 3884 748 3947; x_wconf 93' lang='grc' dir='ltr'>δ’</span> <span class='ocrx_word' id='word_1_238' title='bbox 778 3883 890 3966; x_wconf 72' lang='grc' dir='ltr'><em>ἔφεξινς</em></span> 
     </span>
    </p>
   </div>
   <div class='ocr_carea' id='block_1_6' title="bbox 257 3994 1331 4082">
    <p class='ocr_par' dir='ltr' id='par_1_7' title="bbox 257 3994 1331 4082">
     <span class='ocr_line' id='line_1_30' title="bbox 257 3994 1331 4082; baseline 0.002 -23"><span class='ocrx_word' id='word_1_239' title='bbox 257 3995 358 4059; x_wconf 88' lang='lat' dir='ltr'>Sehol.</span> <span class='ocrx_word' id='word_1_240' title='bbox 390 3996 471 4075; x_wconf 79' lang='grc' dir='ltr'><em>παραὶ</em></span> <span class='ocrx_word' id='word_1_241' title='bbox 500 3996 530 4058; x_wconf 77' lang='grc' dir='ltr'>δὲ</span> <span class='ocrx_word' id='word_1_242' title='bbox 561 4003 622 4067; x_wconf 80' lang='grc' dir='ltr'>τοῖς</span> <span class='ocrx_word' id='word_1_243' title='bbox 645 4004 799 4075; x_wconf 35' lang='grc' dir='ltr'><em>τραγικοῖς.</em></span> <span class='ocrx_word' id='word_1_244' title='bbox 817 3994 916 4076; x_wconf 72' lang='grc' dir='ltr'><em>ἔφεξις</em></span> <span class='ocrx_word' id='word_1_245' title='bbox 940 3996 956 4069; x_wconf 77' lang='grc' dir='ltr'>ἢ</span> <span class='ocrx_word' id='word_1_246' title='bbox 982 3997 1136 4078; x_wconf 78' lang='grc' dir='ltr'><em>πρόφασις.</em></span> <span class='ocrx_word' id='word_1_247' title='bbox 1164 3998 1202 4060; x_wconf 84' lang='grc'>111</span> <span class='ocrx_word' id='word_1_248' title='bbox 1226 4020 1331 4082; x_wconf 92' lang='lat' dir='ltr'>super-</span> 
     </span>
    </p>
   </div>
   <div class='ocr_carea' id='block_1_7' title="bbox 209 4107 1329 4420">
    <p class='ocr_par' dir='ltr' id='par_1_8' title="bbox 209 4107 1329 4420">
     <span class='ocr_line' id='line_1_31' title="bbox 211 4107 1328 4193; baseline 0 -21"><span class='ocrx_word' id='word_1_249' title='bbox 211 4109 339 4173; x_wconf 86' lang='lat' dir='ltr'>stitibus</span> <span class='ocrx_word' id='word_1_250' title='bbox 372 4108 539 4191; x_wconf 85' lang='lat' dir='ltr'>tragoediis</span> <span class='ocrx_word' id='word_1_251' title='bbox 572 4131 634 4171; x_wconf 92' lang='lat' dir='ltr'>non</span> <span class='ocrx_word' id='word_1_252' title='bbox 671 4109 805 4172; x_wconf 88' lang='lat' dir='ltr'>occurrit</span> <span class='ocrx_word' id='word_1_253' title='bbox 840 4110 892 4172; x_wconf 87' lang='lat' dir='ltr'>sed</span> <span class='ocrx_word' id='word_1_254' title='bbox 924 4110 1058 4193; x_wconf 83' lang='lat' dir='ltr'>Hesych.</span> <span class='ocrx_word' id='word_1_255' title='bbox 1091 4107 1201 4190; x_wconf 77' lang='grc' dir='ltr'>ἔφεξιν·</span> <span class='ocrx_word' id='word_1_256' title='bbox 1232 4109 1328 4190; x_wconf 70' lang='grc' dir='ltr'><em>χάριν,</em></span> 
     </span>
     <span class='ocr_line' id='line_1_32' title="bbox 209 4220 1329 4302; baseline 0 -18"><span class='ocrx_word' id='word_1_257' title='bbox 209 4221 302 4294; x_wconf 78' lang='grc' dir='ltr'><em>ἕνεκα,</em></span> <span class='ocrx_word' id='word_1_258' title='bbox 327 4223 459 4293; x_wconf 79' lang='grc' dir='ltr'><em>κώλυσιν,</em></span> <span class='ocrx_word' id='word_1_259' title='bbox 484 4220 500 4294; x_wconf 81' lang='grc' dir='ltr'>ἢ</span> <span class='ocrx_word' id='word_1_260' title='bbox 525 4223 670 4301; x_wconf 75' lang='grc' dir='ltr'><em>πρόφασιν</em></span> <span class='ocrx_word' id='word_1_261' title='bbox 694 4231 725 4284; x_wconf 88' lang='lat' dir='ltr'>et</span> <span class='ocrx_word' id='word_1_262' title='bbox 749 4220 860 4300; x_wconf 73' lang='grc' dir='ltr'><em>ἔφεξις·</em></span> <span class='ocrx_word' id='word_1_263' title='bbox 883 4224 979 4301; x_wconf 71' lang='grc' dir='ltr'><em>χάριν,</em></span> <span class='ocrx_word' id='word_1_264' title='bbox 1002 4221 1094 4294; x_wconf 75' lang='grc' dir='ltr'><em>ἕνεκα,</em></span> <span class='ocrx_word' id='word_1_265' title='bbox 1119 4223 1240 4300; x_wconf 68' lang='grc' dir='ltr'><em>ἐποχὴν,</em></span> <span class='ocrx_word' id='word_1_266' title='bbox 1262 4224 1329 4302; x_wconf 89' lang='grc' dir='ltr'><em>πρθ-</em></span> 
     </span>
     <span class='ocr_line' id='line_1_33' title="bbox 210 4332 824 4420; baseline 0.005 -23"><span class='ocrx_word' id='word_1_267' title='bbox 210 4340 303 4415; x_wconf 78' lang='grc' dir='ltr'><em>Φασιν</em></span> <span class='ocrx_word' id='word_1_268' title='bbox 328 4336 487 4415; x_wconf 74' lang='grc' dir='ltr'><em>Εὐριπίδης</em></span> <span class='ocrx_word' id='word_1_269' title='bbox 511 4335 635 4414; x_wconf 77' lang='grc' dir='ltr'><em>Πειρίθῳ,</em></span> <span class='ocrx_word' id='word_1_270' title='bbox 660 4332 757 4409; x_wconf 77' lang='grc' dir='ltr'><em>ἔπεξις</em></span> <span class='ocrx_word' id='word_1_271' title='bbox 773 4336 824 4420; x_wconf 69' lang='lat'>(⁶3)</span> 
     </span>
    </p>
   </div>
   <div class='ocr_carea' id='block_1_8' title="bbox 0 0 1614 5370">
    <p class='ocr_par' dir='ltr' id='par_1_9' title="bbox 0 0 1614 5370">
     <span class='ocr_line' id='line_1_34' title="bbox 0 0 1614 5370; baseline 0 1"><span class='ocrx_word' id='word_1_272' title='bbox 0 0 1614 5370; x_wconf 95' lang='lat' dir='ltr'> </span> 
     </span>
    </p>
   </div>
  </div>
 </body>
</html>
