3218 5370
562 588 914 640 rflusmorflonruzosun.

181 767 211 830 V
260 762 303 831 21
367 763 391 791 ‘¹
453 768 460 791 '
557 769 564 789 '
607 767 615 788 ¹
680 769 687 788 ‘
793 767 801 788 ⁸
934 770 940 791 ‘

212 793 235 834 s.
310 817 317 830 .
353 792 405 833 οιον
429 792 456 831 τι
479 792 533 832 που
567 791 633 831 στιν
656 792 686 831 αι
708 773 802 849 σοΦιιι
826 766 978 843 ξυνουσιαι.

227 882 330 946 Sohol.
366 881 414 945 διδι
448 885 531 945 τοῦτο
566 882 677 944 ὑπονοεῖ
707 881 756 965 (al.
793 882 931 962 Φαίνεται
966 883 1106 969 ὑπονοῶν)
1141 884 1299 963 Εὐριπίδου

182 990 252 1061 εῖναι
273 996 362 1059 ἐκεῖνο
385 995 418 1059 τὸ

361 1105 447 1188 σοφοὶ
472 1106 598 1187 τύραννοι
621 1110 676 1170 τών
700 1111 799 1187 σοφοῖν
834 1108 979 1190 συνουσίᾳ,

182 1220 244 1286 ἔστι
268 1219 299 1286 δὲ
321 1220 505 1302 Σοφοκλέους
529 1218 562 1294 ἐξ
585 1218 711 1293 Αἴαντος
734 1227 852 1301 Λοκροῦ.

227 1333 322 1398 'Varia
350 1335 388 1398 de
413 1352 518 1397 versus
542 1334 660 1417 origine
684 1340 822 1397 veterum
846 1333 1025 1397 testimonia
1049 1334 1175 1418 collegit
1197 1334 1301 1419 Enger

183 1560 247 1608 alius
266 1559 373 1608 eiusdem
392 1558 520 1622 scriptoris
537 1559 612 1606 loeus.
632 1557 696 1621 Hyg.
714 1558 782 1605 Poet.
801 1563 858 1606 astr.
878 1558 904 1605 ΙΙ
922 1555 953 1608 37
972 1557 1118 1606 describitur
1138 1558 1208 1606 navis
1225 1561 1305 1622 Argo:

185 1652 327 1710 „Homerus
353 1651 415 1698 Ιιιινοο
441 1650 540 1697 eundem
568 1651 644 1697 locnrn
667 1649 780 1712 (Pagasas
804 1648 867 1709 scil.)
884 1648 911 1696 νἰι
932 1650 1071 1697 Thessaliae
1082 1650 1178 1713 finibus
1198 1666 1249 1699 esse
1266 1652 1305 1699 de-

185 1746 332 1802 „monslral
350 1742 484 1806 Aeschylus
501 1745 588 1798 aulem,
607 1744 634 1788 nl
651 1741 763 1788 nonnulli
780 1740 857 1798 aiunl,
876 1758 891 1787 a
906 1741 1020 1789 Minerua
1036 1743 1162 1805 qnarndnm
1178 1743 1305 1791 santernam

185 1836 339 1897 „loquentem
364 1834 445 1881 eodem
473 1849 523 1880 aare
548 1832 706 1881 coniunctum.
730 1833 778 1880 Sed
801 1832 873 1880 luins
896 1849 943 1880 non
967 1837 1019 1880 tola
1042 1834 1132 1897 effiyiea
1154 1833 1219 1882 inter
1236 1840 1306 1883 aetra

186 1925 312 1984 „videtum
335 1924 416 1972 diuisa
439 1924 501 1972 enim
525 1929 561 1971 erl
585 1940 600 1970 α
621 1923 701 1986 puppi
724 1940 799 1987 usqne
819 1925 853 1971 ad
869 1927 966 1982 malum,
982 1924 1133 1988 aipnifienna,
1152 1941 1181 1972 ne
1200 1926 1305 1973 horninur

186 2015 299 2079 „fractis
316 2015 416 2063 navibus
428 2014 652 2077 pertimescerenl.'’
695 2030 698 2038 ’

219 2109 271 2156 Iam
289 2109 342 2171 lege
359 2125 417 2171 quae
436 2108 509 2156 habet
528 2107 710 2166 Eratosthenes,
729 2107 798 2155 ouius
816 2107 919 2170 vestigia
939 2107 1027 2171 ubique
1045 2108 1094 2156 sere
1109 2109 1200 2172 premit
1214 2110 1305 2174 Pany-

186 2201 265 2263 ginus,
288 2217 308 2248 e.
328 2199 372 2250 37:
393 2198 480 2260 Ἀργώ.
501 2199 569 2256 Α’ὕτη
589 2197 628 2246 δια
644 2199 688 2254 την
706 2198 806 2255 Ἀθηνῖον
821 2195 844 2246 ἐν
861 2203 911 2254 τοῖς
928 2197 1021 2258 ώστροις
1039 2197 1147 2259 εἰσήχθη.
1164 2199 1243 2259 πρώτη
1260 2203 1307 2261 γδιρ

186 2289 249 2347 αὕτη
273 2293 327 2346 ναῦς
350 2289 530 2347 κατεσκευάσθη
553 2288 595 2336 καῖ
611 2289 712 2349 ἀρχῆθεν
730 2286 876 2345 ἔτεκτονώθη·
894 2287 1022 2350 φοινήεντα
1040 2287 1065 2336 δὲ
1084 2288 1207 2350 γενομένη,
1226 2289 1305 2351 πρώτη

186 2382 214 2428 τδ
238 2379 347 2441 πέλαγος
371 2379 455 2428 διεῖλεν
478 2379 571 2441 ώβοιτον
591 2378 624 2436 δν,
641 2379 669 2426 n'
689 2376 701 2441 ᾖ
719 2388 771 2435 τοῖς
787 2376 956 2439 ἐπιγινομένοις
975 2377 1131 2440 παράδειγμα
1150 2379 1302 2442 σαφέστερον.

186 2470 219 2526 εἷς
241 2469 266 2519 δὲ
289 2474 322 2518 τὲι
339 2470 416 2530 ώστρα
434 2469 536 2528 ὑπετέθη
554 2473 582 2518 τδ
600 2468 695 2518 εῖδνιλον
713 2468 760 2529 οὔχ
779 2469 832 2517 δ’λον
850 2468 932 2526 αθτης,
951 2471 976 2517 ον’
991 2469 1011 2518 δ’
1031 2468 1108 2526 οῖακές
1126 2470 1182 2518 εἰσιν
1201 2471 1244 2527 ’ἕως
1263 2475 1307 2519 ποιῖ

186 2561 255 2608 ἱστοῦ
272 2563 313 2608 σὺν
330 2563 380 2617 τοῖς
397 2541 538 2618 πηδαλίοις,
549 2560 610 2616 ’σ’πιυς
629 2561 723 2619 δρώντες
743 2561 767 2608 οἱ
781 2563 811 2623 τῇ
826 2560 936 2624 ναυτιλίᾳ
954 2560 1069 2620 χρώμενοι
1088 2561 1194 2620 lappam
1214 2559 1254 2608 ἐπὶ
1272 2565 1303 2624 τῇ

187 2649 296 2716 ἐργασίᾳ,
314 2651 389 2708 αὐτῆς
405 2670 433 2700 τε
454 2651 467 2706 ἦ
485 2651 543 2716 δόξα
561 2649 683 2712 ἀγώρατος
701 2650 815 2713 διαμείνῃ,
832 2649 902 2709 οθσης
921 2649 943 2698 ὲν
960 2660 1011 2707 τοῖς
1030 2652 1092 2707 θεοῖς.

220 2743 281 2792 Cum
306 2751 387 2794 autem
412 2745 604 2793 Erathosthenes
626 2744 778 2792 narrationes
796 2760 849 2792 suas
868 2744 1038 2808 plerumquee
1057 2744 1196 2808 tragoediis,
1215 2750 1308 2807 tragoe-

186 2836 327 2899 diarumque
344 2836 493 2899 argumentis
510 2835 626 2893 hauserit,
642 2835 748 2899 suspicio
765 2835 844 2883 oritur
859 2835 932 2882 illum
947 2835 992 2882 hoo
1008 2851 1100 2898 qaoque
1110 2835 1163 2883 loeo
1175 2837 1305 2900 respexisse

186 2929 344 2992 tragoediam,
361 2945 464 2992 eamque·
478 2928 601 2992 Aeschyli.
619 2927 779 2990 Tragoediam
798 2926 905 2991 sapiunt,
924 2927 950 2974 ni
966 2927 1064 2975 fallor:

220 3021 321 3081 ἀρχῆθεν
346 3020 485 3080 (ι1ιιιιιιιιοι10
511 3036 596 3068 sanum
621 3020 653 3067 sit
671 3018 772 3078 ιἰρχῆθεν
791 3015 937 3074 inseror-lla,
956 3018 1018 3081 quod
1036 3018 1143 3066 dubitari
1163 3023 1260 3082 potest),
1281 3018 1310 3066 de

117 3174 120 3178 Δ
187 3129 234 3176 quo
258 3112 284 3160 in
309 3112 398 3161 Aneed.
425 3113 501 3160 Bekk.
524 3129 547 3176 p.
571 3113 628 3169 450,
651 3114 674 3168 4,
703 3111 731 3158 fr.
750 3110 836 3158 Aeseh.
856 3111 905 3158 408
925 3111 964 3168 N.,
983 3110 1032 3161 427
1049 3110 1100 3167 D.,:
1117 3109 1158 3158 ola
1177 3110 1228 3157 ἐστι
1248 3113 1311 3169 παρδι

189 3205 237 3259 τοῖς
255 3203 377 3259 ’Λττικοῖς
394 3203 455 3258 πλην
472 3203 525 3262 παρ’
547 3201 672 3262 Αἰσχύλῳ.
693 3202 823 3266 Reperitur
840 3208 923 3250 tamen
942 3202 971 3249 fr.
991 3202 1064 3265 Soph.
1085 3203 1132 3250 122
1151 3202 1189 3260 Ν,
1211 3203 1258 3250 132
1280 3202 1311 3250 D.

223 3292 359 3351 Φανώεσσα,
377 3295 407 3342 af.
426 3294 489 3358 Hyg.
508 3294 570 3352 1.,1.,
589 3294 647 3342 Eur.
665 3294 751 3342 Troad.
770 3295 827 3342 440.

223 3388 257 3433 Τὸ
282 3384 391 3446 πέλαγος
417 3384 501 3432 διεῖλεν
524 3383 617 3445 ώβατον
637 3382 670 3441 δν,
696 3385 724 3432 de
742 3385 830 3448 quibus
848 3385 897 3432 iam
914 3383 940 3431 0.
961 3385 988 3432 G.
1008 3383 1108 3447 Heyne:
1128 3383 1264 3441 „videntur
1283 3400 1311 3431 ex

190 3477 290 3540 antiquo
308 3483 380 3541 poeta
397 3477 471 3524 verba
488 3476 607 3524 servata.’'
628 3475 698 3539 Quod
715 3481 797 3524 tamen
816 3477 943 3524 incertum.

221 3569 343 3632 Denique:
363 3567 423 3624 θπώς
442 3568 536 3627 ὁρῶντες
554 3597 585 3604 -
605 3565 627 3615 ἐν
645 3569 694 3624 τοῖς
713 3567 774 3623 θεοῖς.

220 3659 277 3707 Sine
303 3659 377 3707 dubio
402 3664 483 3706 textus
508 3658 680 3707 Eratosthenis
704 3665 832 3722 corruptus
853 3664 896 3706 est.
919 3659 1060 3721 Dittologia
1085 3659 1151 3706 enim
1177 3664 1213 3707 est
1232 3657 1312 3718 πρώτη

190 3751 236 3811 γδορ
259 3779 291 3786 -
316 3747 448 3805 ἐσκευάσθη
474 3749 516 3797 καὶ
541 3750 643 3810 ἀρχῦθεν
663 3747 807 3806 ἐπεκτσνώθη.
827 3750 910 3812 Neque
928 3751 991 3807 alan
1009 3753 1063 3805 ναῦς
1080 3766 1165 3798 sanum
1183 3756 1227 3798 est.
1244 3750 1312 3798 Desi-

190 3840 287 3890 deratur
311 3841 405 3890 mentio
433 3829 558 3889 Minervae
586 3842 655 3888 navis
679 3841 782 3904 opificis,
809 3858 868 3905 quae
890 3842 1015 3890 iuvenitur
1033 3841 1096 3905 Hyg.
1116 3842 1133 3889 1.
1152 3842 1169 3889 l.
1190 3847 1214 3889 et
1231 3841 1312 3889 Sahal.

190 3933 303 3982 German.
322 3935 378 3992 344,
394 3933 420 3981 1ιι
438 3949 484 3996 qno
501 3933 569 3981 loeus
588 3932 759 3980 Eratosthenis
774 3933 862 3980 Latine
877 3949 1002 3996 expressas
1012 3932 1135 3980 esthisce:
1147 3970 1160 3990 ,‚
1169 3932 1245 3980 Navia
1257 3971 1262 3981 .
1274 3970 1279 3980 .
1291 3970 1314 3985 ..

191 4005 281 4087 „quant
299 4024 397 4088 qnidam
415 4023 528 4087 beneflcio
549 4023 677 4071 Miner-nae
691 4023 756 4070 inter
770 4028 839 4070 nstra
854 4025 995 4070 collocatum
1011 4023 1102 4079 dieunt,
1119 4023 1316 4086 qnaeqneprima

191 4117 241 4175 „ab
264 4133 293 4164 οα
310 4117 442 4180 fabricatu
468 4120 511 4174 erl,
530 4120 553 4163 el
572 4131 646 4172 mare,
665 4115 729 4177 qnod
745 4120 817 4161 analeo
834 4114 924 4161 invium
936 4115 1029 4176 fuerat
1047 4114 1188 4172 horrzinibne,
1203 4115 1314 4176 perviam

192 4208 295 4266 „naulis
317 4207 414 4271 inpenio
433 4207 525 4269 fecit.''
546 4206 658 4268 Denique
676 4206 750 4254 verba
765 4205 793 4251 ἰδ’
813 4200 826 4266 ᾗ
843 4206 892 4260 τοῖς
910 4202 1078 4265 ἐπιγινομένοις
1095 4203 1252 4266 παράδειγμα
1271 4223 1316 4253 σα-

189 4298 302 4360 φέστερον
323 4315 450 4363 perperam
469 4298 669 4346 antecedentibus
686 4297 818 4346 coniuncta
836 4302 901 4344 sunt.
919 4295 981 4344 Cum
999 4297 1156 4360 sequentibus
1175 4297 1313 4356 cohaerent,

192 4391 228 4439 itu
243 4396 271 4438 ut
287 4390 415 4454 legendam
436 4390 469 4439 sit
485 4389 524 4437 ‘r'na
543 4388 568 4437 δὲ
586 4389 625 4438 vel
643 4387 684 4436 καῖ
703 4387 732 4434 ἵν’
741 4425 808 4437 .....
828 4387 861 4443 εἷς
877 4388 911 4434 τδι
927 4385 1005 4447 ώστρα
1022 4385 1129 4444 ὑπετέθη.
1147 4387 1241 4436 Deinde
1258 4387 1318 4435 sori·
