3218 5370
255 621 318 681 116
614 639 971 684 rflnsuornoamzusan.

235 803 313 866 telos
338 805 443 882 tradit,
469 826 504 867 eo
528 806 708 888 processerit
730 804 955 868 nonnullorum
978 807 1024 868 ira
1049 814 1085 869 ut
1108 812 1230 891 poetam
1254 808 1357 872 iuius

237 923 381 979 vocarent
403 923 434 979 et
456 916 597 994 ἀσεβείαις
619 925 808 981 accusarent.

281 1026 374 1106 Quod
397 1035 502 1092 autem
527 1029 748 1114 Aristophanes
775 1036 806 1092 et
830 1030 904 1093 alibi
928 1036 959 1094 et
979 1031 1029 1094 hic
1048 1029 1215 1116 Hippolyti
1236 1055 1358 1097 versum

236 1140 268 1203 in
299 1143 481 1204 memoriam
509 1149 641 1222 revocat,
671 1164 733 1225 quo
765 1143 825 1206 iras
847 1144 936 1227 vulgi
960 1144 991 1206 in
1014 1143 1197 1229 Euripidem
1220 1117 1360 1209 renovari

237 1277 325 1338 posse
355 1277 418 1318 non
449 1254 621 1339 ignorabat,
646 1255 675 1318 ei
699 1256 827 1319 minime
850 1255 954 1319 decori
977 1262 1025 1319 est
1046 1255 1224 1321 habendum
1248 1264 1279 1321 et
1302 1259 1353 1321 do-

236 1374 381 1430 cumento
405 1375 452 1430 est
475 1368 555 1430 nihil
579 1390 651 1431 eum
676 1368 824 1431 illicitum
847 1367 990 1432 habuisse
1013 1369 1139 1432 inimico
1161 1391 1223 1451 quo
1243 1368 1359 1432 obtrec-

237 1486 304 1542 tare
327 1487 440 1565 posset.
466 1479 540 1543 Non
563 1481 646 1543 euim
669 1481 796 1564 ignarus
819 1487 885 1544 erat
908 1481 1043 1544 comicus
1066 1481 1186 1564 aliquid
1210 1483 1358 1546 interesse

238 1593 319 1655 inter
354 1593 506 1677 placitum
536 1593 786 1678 philosophicum
816 1600 847 1655 et
877 1594 993 1673 drama,
1024 1615 1126 1676 neque
1150 1607 1220 1657 euni
1244 1595 1359 1678 fugisse

239 1706 342 1789 potuit
377 1707 478 1790 ipsum
511 1707 720 1791 Hippolytum
751 1730 793 1769 vs.
827 1710 889 1769 612
920 1729 983 1769 non
1013 1705 1097 1789 quod
1120 1729 1224 1769 revera
1247 1708 1360 1770 sentiat

238 1817 376 1901 profiteri
406 1819 459 1881 sed
489 1819 534 1881 ita
562 1817 649 1901 loqui
674 1825 709 1881 ut
733 1819 883 1881 nutricem
910 1818 1150 1902 perterrefaciat.
1175 1818 1247 1879 Alia
1271 1824 1360 1881 erant

236 1929 267 1991 in
301 1929 439 1993 dramate
468 1931 640 2014 Hippolyto
671 1930 933 2015 reprehendenda,
964 1931 1001 1993 cf.
1028 1929 1119 1993 Ribb.
1144 1931 1165 1994 l.
1191 1931 1223 2009 l.,
1247 1931 1300 1993 sed
1323 1953 1358 1994 ea

240 2064 304 2105 non
326 2044 443 2127 tetigit.

241 2277 294 2341 Vs.
319 2270 390 2339 403
414 2298 480 2359 sqq.
504 2277 573 2358 οίνθρρ
596 2279 686 2358 ἐρωτᾷ
709 2279 776 2357 υτῳ
801 2277 946 2355 κοιτέοιγεν
969 2280 986 2350 ἡ
1011 2276 1126 2358 χθτρνι;

506 2392 556 2456 οὐκ
578 2388 635 2454 ἔσθ’
661 2388 736 2462 daec
759 2392 790 2454 οὐ
814 2391 854 2470 τῷ
879 2391 1004 2471 Κορινθίῳ
1026 2388 1127 2470 ξίνῳ.”

286 2502 388 2566 Schol.
411 2503 445 2566 ἐκ
467 2502 640 2580 Σθενεβοίας
663 2503 829 2582 Εὐριπίδου.
856 2501 904 2565 Ex
927 2503 1099 2582 Athenaeo,
1124 2502 1161 2565 ir.
1186 2501 1261 2565 Eur.
1283 2502 1356 2578 667,

239 2622 367 2700 apparet
390 2614 574 2699 Euripidem
596 2615 769 2698 scripsisse:

506 2727 593 2790 πεσὸν
617 2724 648 2789 δέ
671 2749 710 2788 νιν
733 2724 851 2797 λέληθεν
874 2722 952 2789 οὐδὲν
975 2726 1008 2789 ἐκ
1029 2726 1124 2805 χερὸς,

508 2837 578 2902 ἀλλ’
607 2840 688 2910 εὐθὺς
711 2839 787 2920 attat
811 2839 880 2918 „aqi
904 2838 1029 2918 Κορινθίῳ
1052 2834 1151 2917 ξένῳ’.

283 2953 313 3014 Α
346 2974 501 3016 veronen
527 2950 632 3015 abesse
655 2951 779 3014 videtur
802 2949 958 3027 Weloker,
982 2948 1019 3012 Il
1042 2972 1073 3034 p.
1100 2950 1173 3026 780,
1198 2949 1352 3013 coniciens

241 3065 316 3128 haec
338 3065 431 3128 verba
453 3066 547 3129 fuisse
570 3065 713 3145 nutricis,
738 3086 828 3147 quae,
848 3070 1012 3149 postquam
1031 3061 1241 3147 Bellerophon
1253 3060 1359 3145 Tiryn-

241 3177 328 3241 them
358 3178 543 3256 revertisset,
572 3178 660 3242 illius
688 3178 766 3240 iram
796 3176 902 3240 sedare
925 3181 1066 3254 conatur,
1091 3197 1218 3238 narrans
1240 3180 1358 3257 quanto

242 3312 344 3353 amore
368 3313 436 3354 eum
458 3266 617 3354 recordata
636 3298 715 3354 esset
737 3288 939 3364 Stheneboea,
953 3310 1024 3350 cum
1038 3309 1106 3350 eum
1122 3292 1282 3351 mortuum
1294 3309 1359 3349 esse

239 3402 385 3465 crederet.
408 3403 553 3466 Eundem
576 3402 736 3486 Euripidis
759 3424 865 3464 versus
888 3399 1017 3463 detorsit
1040 3397 1185 3462 Cratinus
1211 3397 1286 3462 Ath.
1309 3396 1358 3459 XI
1447 3479 1450 3487 .

241 3536 266 3577 c.
304 3518 355 3595 22,
390 3539 420 3600 p.
454 3516 526 3591 782,
557 3515 653 3578 Mein.
685 3513 720 3577 Il
750 3537 780 3599 p.
816 3515 896 3577 179:
921 3511 978 3586 ίνοι
1000 3511 1142 3589 λοίννιγοις
1168 3512 1207 3591 τῷ
1232 3510 1357 3591 Κορινθίῳ

241 3627 311 3709 πέει,
335 3628 424 3692 cuius
446 3627 538 3693 verba
560 3629 694 3713 respexit
717 3627 892 3711 Hesychius
911 3628 944 3690 in
964 3637 1027 3707 Κορ.
1048 3623 1105 3700 ξίν.
1129 3624 1292 3689 Probabile
1312 3629 1358 3688 est

238 3742 333 3804 etiam
357 3748 522 3823 sequentes
545 3764 661 3820 versus,

406 3867 418 3877 ⁶
504 3852 609 3931 κοίμνει
632 3853 696 3933 κθρνρ
720 3876 774 3925 τις.
798 3853 880 3925 εὐθὺς
903 3852 1034 3933 ἁδελφὸς
1057 3851 1136 3928 λέγει

502 3966 535 4030 ιθ
556 3969 667 4046 χρῶμαι
691 3965 776 4029 νοῦτθ
798 3965 832 4042 μ’
857 3966 905 4028 οὐκ
929 3964 1041 4045 θρέοκει
1064 3971 1119 4037 τῆς
1143 3962 1234 4042 κθριρς.

238 4074 278 4138 ad
307 4075 435 4159 aliquod
462 4078 622 4163 Euripidis
650 4078 756 4141 drama
788 4076 963 4141 referendos
987 4099 1061 4140 esse.
1086 4075 1133 4138 De
1156 4073 1254 4138 Aeolo
1278 4073 1358 4156 cogi-

239 4187 317 4252 tavit
339 4186 487 4254 Eritsche.
598 4234 602 4237 -

240 4411 295 4475 Vs.
318 4405 401 4476 413.
507 4410 642 4476 δίοποινοι
664 4409 721 4490 aaa
744 4408 854 4490 γέροντι
877 4408 993 4491 νυμφίῳ
1017 4409 1099 4486 γυνθ.
