3218 5370
761 625 848 670 Avus.
1294 609 1334 669 91
1357 700 1359 704 ³

240 792 253 855 ό
277 791 303 856 δ’
326 791 481 872 ἐμπρήσιος
511 790 587 872 rho(
617 791 654 856 ho
677 792 821 873 πυρκοιεὺς
844 790 1011 872 όνοροοόζοιτο
1036 793 1104 855 νοντ’
1129 790 1282 870 Αἰσχύλον
1305 789 1358 855 κοιλ

240 903 408 984 Σοφοκλέοι,
439 901 527 975 οὕτως
556 903 782 985 ἐπιγράψαντος
812 903 853 968 τόν
884 903 1034 985 hohheim,
1063 905 1112 968 rho
1136 901 1190 980 μὲν
1213 904 1262 967 τόν
1286 913 1358 983 Προ-

240 1014 346 1095 μνόέοι,
371 1017 418 1080 τὸν
441 1015 472 1079 δὲ
492 1017 540 1080 τὸν
561 1015 725 1081 Νοιόπλιον.
749 1020 833 1086 Quod
848 1018 1032 1099 aptissimam
1052 1017 1184 1099 Nauplio
1198 1018 1358 1099 Sophocleo,

240 1129 292 1212 qai
322 1151 411 1193 rauce
438 1130 639 1209 concremavit,
670 1131 818 1212 epitheton
838 1132 923 1214 fait,
955 1131 1085 1213 imeptmm
1118 1153 1184 1194 cero
1216 1138 1260 1194 est
1287 1133 1361 1195 Pro-

241 1243 348 1305 metheo
378 1242 430 1326 qui
457 1242 537 1305 mihil
564 1243 728 1306 huiusmodi
758 1244 897 1307 commisit
919 1247 972 1307 sed
993 1244 1086 1325 ipaem
1107 1244 1174 1307 Joei
1196 1251 1361 1326 surreptum

241 1378 305 1418 cmm
328 1355 499 1419 mortalibus
522 1356 752 1434 communicarit,
778 1379 865 1439 qaam
881 1358 1016 1440 schalae
1033 1357 1222 1420 Prometheae
1236 1363 1362 1438 partem,

241 1466 424 1548 aptissimam
458 1467 528 1530 iocis
562 1468 730 1551 hosihmsqmc
765 1469 939 1552 Satyrorum
970 1470 1130 1552 Aeschyleo
1160 1470 1303 1533 tractavit
1331 1469 1363 1532 im

242 1580 412 1642 Prometheo
435 1602 467 1642 eo
488 1581 540 1664 qui
563 1581 698 1661 trihopioe
723 1582 853 1662 tropicae
874 1604 910 1644 eor
932 1582 1183 1659 Phimeo,‚Persis
1201 1589 1229 1645 et
1252 1583 1363 1645 Glauco

241 1691 397 1754 Potmiemsi
419 1693 590 1773 compositae
613 1694 675 1776 (Ol.
702 1696 753 1772 76,
780 1697 810 1778 l)
835 1695 967 1758 adiectas
982 1695 1066 1780 fait,
1089 1702 1125 1758 mt
1143 1717 1177 1757 eor
1195 1695 1362 1758 didascalia

241 1804 402 1867 Persarum
432 1806 583 1881 mocimas;
614 1807 665 1890 qui
693 1808 882 1872 Prometheos
906 1808 1048 1889 πυρφόρος
1071 1810 1238 1890 ορροόόοόνο
1260 1816 1304 1871 est
1327 1815 1362 1871 at

241 1942 261 1981 a
291 1919 459 1981 Prometheo
480 1918 615 1998 δεομώτρ
639 1927 668 1981 et
691 1921 860 1984 Prometheo
883 1920 1012 2001 λυομένῳ
1035 1922 1276 2002 distirpmeretar,
1291 1922 1361 2004 for·

242 2038 320 2094 tasse
337 2037 408 2111 post
437 2032 621 2112 tetralopiam
651 2033 736 2096 iiiam
757 2034 886 2116 scriptis.
913 2034 970 2097 Coi
991 2034 1150 2114 copmomimi
1172 2034 1284 2096 Polior
1306 2055 1361 2096 me-

242 2145 349 2208 moriae
376 2167 473 2208 errore
504 2144 653 2225 Πυριιοιεός
683 2147 858 2221 smhstitait;
885 2154 921 2209 mt
952 2169 1009 2208 nom
1034 2146 1200 2209 mirandum
1223 2145 1264 2208 sit
1288 2146 1361 2208 Pro-

243 2258 384 2321 metheum
413 2258 546 2337 πυρκοιόοι
573 2282 592 2320 a
615 2259 727 2322 memirce
750 2260 810 2322 misi
834 2259 954 2322 Polluce
976 2260 1137 2336 memorari,
1166 2259 1218 2342 qai
1238 2279 1362 2321 errorem

243 2369 360 2450 repetiit
381 2370 415 2432 X
436 2372 487 2448 64,
512 2371 562 2432 mhi
583 2392 696 2434 versum
718 2372 785 2433 λινοῖ
806 2368 846 2444 δὲ,
872 2370 965 2434 ricco
984 2369 1143 2446 κόριολίνου
1165 2367 1270 2450 pampo}
1289 2368 1362 2432 τόνοι

243 2503 278 2544 ee
306 2483 403 2546 Prom.
434 2490 560 2563 πυρκοιεῖ
586 2485 688 2568 affert,
716 2505 804 2567 qmmm
826 2483 962 2564 πυρφόριρ
985 2484 1079 2546 dicere
1102 2483 1253 2547 debuisset.
1281 2485 1365 2551 Quod

243 2602 340 2658 autem
369 2604 422 2675 Hp.
454 2594 596 2676 πυρφόρος
626 2596 720 2659 trihas
747 2597 879 2661 adiectus
899 2596 974 2679 fait
998 2597 1163 2677 trapocdiis,
1187 2617 1262 2679 quae
1284 2595 1364 2657 mihil

243 2731 308 2772 cmm
336 2708 506 2772 Prometheo
534 2731 678 2772 commuue
703 2710 819 2788 hahent,
843 2709 939 2790 ipsam
962 2730 1070 2792 qaoque
1093 2710 1295 2791 quodammodo
1317 2707 1362 2769 irr-

243 2822 318 2885 dicio
346 2828 389 2884 est
412 2822 557 2904 schedam
586 2824 622 2885 de
651 2822 820 2885 Prometheo
842 2823 983 2905 Aeschylo
1006 2844 1064 2884 mom
1087 2842 1146 2883 esse
1167 2821 1259 2884 uisam
1281 2820 1361 2902 suffl-

244 2957 305 2999 ccre
335 2938 377 2998 ad
398 2942 457 2997 tres
480 2934 645 3014 tropoedias
667 2937 882 3015 eompomeedas.
905 2935 985 2997 Nom
1008 2935 1036 2997 si
1058 2933 1208 3014 trihopiam
1230 2932 1361 3013 scripsis-

243 3055 297 3126 set,
320 3050 434 3131 qmahem
457 3048 516 3111 uiri
538 3046 616 3110 docti
631 3048 798 3130 finxerant,
823 3054 929 3130 quarto
944 3049 1004 3110 loco
1024 3055 1075 3126 Πρ.
1097 3045 1238 3126 πυρφόρον
1256 3048 1363 3109 addere

237 3161 394 3243 potuisset,
424 3161 482 3222 etsi
512 3160 625 3224 imoerso
654 3162 764 3240 ordrrm,
788 3163 1021 3244 quemadmodum
1045 3159 1218 3239 tetralopr'ae
1245 3156 1362 3239 Oedipo·

245 3277 325 3354 deae,
358 3297 394 3337 eor
426 3275 509 3353 Iioio,
544 3275 648 3358 Oedipo
677 3282 707 3338 ct
737 3275 849 3356 Septem
879 3276 1020 3336 adoerius
1052 3272 1161 3334 Thehas
1183 3271 1362 3362 compositae,

244 3386 375 3467 Σφίννοι
396 3390 552 3468 τοιτυρικήν
574 3389 692 3467 adiecit,
712 3388 813 3451 ordime
826 3386 947 3468 pariter
969 3382 1113 3449 imoerso.”

290 3499 338 3563 De
361 3501 494 3584 singulis
517 3500 677 3564 videamus

292 3617 321 3678 1.
349 3614 466 3678 Eorum
489 3637 569 3698 quae
592 3621 747 3699 postremo
769 3613 838 3677 loco
860 3613 949 3676 effert
970 3611 1010 3674 D.
1034 3612 1097 3674 vim
1120 3633 1184 3674 non
1208 3631 1363 3693 assequor.

245 3727 319 3792 Non
350 3729 433 3792 enim
458 3728 548 3792 video
579 3727 733 3811 quomodo
757 3725 930 3811 Aeschylus
953 3725 1096 3809 trilogiae
1120 3728 1227 3804 Πορφ,
1253 3731 1363 3799 heom,

246 3851 343 3919 Λυομ.
375 3840 480 3904 drama
510 3840 623 3904 addere
656 3841 811 3926 potuisset
834 3839 1002 3923 satyricum
1025 3837 1109 3920 quod
1132 3836 1216 3898 idem
1238 3832 1365 3898 heberet

245 3960 465 4037 argumentum
487 3975 522 4017 ao
544 3954 644 4038 prims
666 3952 835 4036 tragoedia.

259 4077 261 4080 ’
291 4069 321 4128 2.
345 4064 469 4128 Nomen
499 4064 693 4146 „repressis”
725 4064 848 4128 Polluci
878 4060 983 4127 deberi
1014 4060 1094 4124 nihil
1125 4067 1172 4122 est
1201 4059 1262 4123 uisi
1294 4081 1364 4123 con·
1459 4125 1462 4129 ,

244 4179 365 4242 iectura
402 4201 482 4262 quae
523 4200 586 4240 non
621 4177 763 4240 firmatur
795 4181 980 4259 argumente
1013 4196 1031 4237 e
1066 4171 1227 4236 Diudorfio
1258 4159 1362 4235 ellaho.

246 4290 340 4370 Quod
369 4291 461 4354 dieih:
485 4339 505 4369 „
515 4289 709 4373 aptissimum
732 4288 871 4373 Nauplio
895 4286 1076 4371 Sophocleo,
1100 4285 1156 4368 qui
1178 4307 1271 4348 naves
1293 4305 1365 4347 eon-

138 4455 143 4465 .
244 4453 265 4483 „
276 4404 431 4483 cremavit,
466 4402 627 4488 epitheton
656 4401 728 4480 fuit,
761 4402 904 4486 ineptum
933 4421 1005 4463 vero
1036 4405 1083 4461 est
1106 4396 1308 4461 Prometheo'’
1332 4397 1364 4459 in
