3218 5370
275 637 336 696 132
631 655 986 700 ruusuoruorrmzuslu.
1031 656 1038 673 ³

251 821 390 883 Ροεοοιινο
420 820 631 904 appellavisse.
664 820 735 904 Ipsa
768 823 893 905 parodia
923 823 1031 885 oomiei
1063 823 1213 887 imlioium
1236 833 1282 888 est
1308 834 1368 889 tra·

250 935 376 1016 goediae
401 933 491 996 verba
515 935 548 995 in
572 934 657 996 huno
681 935 819 997 ordinem
836 936 985 1020 disposita
1004 938 1116 1000 luisse:
1140 938 1284 1002 Gemitus
1306 940 1371 1002 edit

250 1047 447 1109 Andromeda
456 1073 465 1123 ;
496 1055 619 1110 resonat
642 1070 716 1124 νοις
744 1049 873 1111 miratur
898 1049 1096 1113 Andromeda
1120 1051 1250 1136 opinans
1275 1053 1371 1116 homi·

251 1159 299 1221 uis
329 1181 434 1221 vooem
458 1183 489 1222 se
519 1159 627 1222 audire
651 1167 683 1222 et
706 1167 795 1243 rogat
818 1161 854 1223 σὺ
878 1162 904 1224 δ’
929 1156 957 1224 εἰ
974 1162 1018 1233 τίς
1042 1160 1119 1235 ὅστις
1143 1165 1249 1240 τούμὸν
1273 1166 1371 1244 ᾤκτει-

250 1298 302 1350 ριις
333 1274 440 1349 aaran
474 1275 588 1337 iterum
618 1282 741 1338 resonat
763 1276 848 1338 Eeho
872 1275 969 1340 donee
991 1277 1147 1361 intellegit
1170 1277 1369 1341 Andromeda

249 1389 326 1452 falsa
350 1413 381 1451 se
406 1390 504 1452 tenori
529 1391 674 1474 opinione
698 1413 799 1473 neque
823 1391 976 1454 hominem
1004 1414 1068 1454 esse
1091 1391 1146 1473 qui
1170 1389 1228 1454 sibi
1248 1413 1372 1475 respon-

249 1503 321 1566 deat
345 1502 398 1565 sed
421 1503 508 1581 Ἠχὼ
533 1503 626 1580 λόγων
651 1503 784 1583 οἰνσερδόν.

293 1615 367 1678 Non
401 1616 497 1698 igitur
533 1638 633 1678 unum
668 1615 818 1678 habemus
853 1617 1062 1699 fragmentum
1097 1615 1199 1679 tribus
1231 1616 1370 1681 versibus

249 1735 394 1793 constans
417 1728 480 1806 sed,
504 1730 530 1791 si
553 1752 658 1791 revera
682 1752 725 1792 vs.
753 1732 835 1791 lllll
860 1728 1049 1813 Euripideus
1073 1736 1128 1806 est,
1153 1730 1222 1792 tria.

252 2013 304 2078 Vs.
333 2006 423 2074 l065
449 2035 513 2095 sqq.
628 2007 648 2074 ιί
672 2010 739 2086 Νὺξ
760 2013 828 2093 ἰεροί,

540 2127 648 2204 μοικρδν
672 2128 708 2197 ὡς
732 2124 868 2202 ἰσσενμιο
892 2126 1009 2198 διώκεις,

538 2239 717 2319 οἰσσεροειδὲιι
741 2243 817 2303 vaira
841 2238 1001 2320 διβρειίονσ

541 2351 644 2432 οιίθέρος
667 2353 737 2431 ἱροῖς,

540 2471 590 2529 τοῦ
614 2463 794 2542 σεμνοτοίτον
818 2465 854 2528 δι’
875 2463 1045 2541 Ὀλύμπου.

294 2627 402 2691 Varias
435 2629 571 2691 virorum
603 2629 764 2691 doctorum
797 2628 988 2690 coniecturas
1019 2626 1089 2689 vide
1113 2649 1161 2710 ap.
1186 2625 1365 2689 Nauekium

250 2748 280 2804 et
303 2741 397 2805 Dind.
422 2743 459 2803 fr.
480 2742 555 2805 Eur.
580 2744 652 2803 114.
674 2741 775 2804 Solrol.
788 2765 793 2803 :
807 2745 856 2804 σοῦ
868 2739 1008 2820 σρολόρον
1021 2739 1220 2818 Ἀνδρομέδας
1232 2739 1360 2815 εἰσβολή.

250 2854 381 2931 Εἰσβολνί
414 2861 460 2917 est
489 2854 676 2932 „initium”
702 2861 738 2916 ut
762 2852 935 2916 observavit
958 2877 984 2914 a.
1006 2853 1037 2916 h.
1062 2853 1082 2916 l.
1107 2853 1220 2935 Enger,
1246 2852 1301 2934 qui
1326 2852 1364 2914 de

249 2968 307 3030 hae
337 2990 410 3029 voce
434 2989 504 3029 eum
528 2966 681 3029 Fritsohio
705 2965 886 3050 disputavit.
911 2966 1019 3030 Minus
1043 2972 1125 3030 reete
1148 2964 1244 3028 Dind.
1270 2963 1309 3026 ad
1331 2965 1369 3027 f.

250 3081 360 3144 Aesoh.
394 3083 474 3142 141:
507 3079 655 3157 ,εἰσβολὴ
679 3080 716 3142 de
740 3080 838 3163 primo
862 3079 985 3143 fabulae
1009 3103 1100 3144 versu
1121 3081 1241 3143 dietum
1265 3078 1369 3142 simili·

249 3200 328 3270 „ter
362 3216 410 3277 ap.
447 3193 539 3256 schol.
573 3193 650 3255 Rau.
685 3196 700 3254 l
733 3200 764 3255 et
797 3192 918 3256 Thesm.
954 3195 1069 3256 1065.”
1094 3193 1258 3276 Nusquam
1283 3193 1367 3276 quod

250 3306 342 3368 seiam
373 3307 411 3368 de
435 3306 534 3389 primo
557 3328 646 3368 versu
671 3305 797 3382 dicitur,
822 3306 874 3368 sed
899 3305 937 3369 de
960 3307 1060 3390 prima
1084 3304 1206 3369 fabulae
1229 3286 1278 3368 vel
1302 3328 1367 3369 ora·

201 3431 203 3435 ’
248 3420 342 3483 tionis
373 3419 538 3495 sententia,
572 3418 609 3481 de
634 3419 732 3502 prima
756 3419 854 3502 igitur
878 3419 999 3503 prologi
1022 3419 1070 3482 vel
1093 3419 1243 3503 prooemii
1267 3423 1365 3502 parte.

247 3532 348 3595 Sehol.
373 3532 450 3595 Itan.
478 3534 506 3608 l,
532 3530 586 3594 ubi
609 3531 742 3614 legitur:
767 3532 849 3603 εὐθὺς
873 3533 902 3594 ε’ν
925 3540 960 3610 τῇ
981 3532 1099 3611 εἰσβολῇ
1120 3531 1278 3608 διιοβιίλλει
1299 3530 1366 3602 τοὺς

245 3646 399 3726 κωμῳδοὺς
434 3647 470 3716 ὡς
502 3644 622 3721 γελοίοις
651 3645 828 3724 χρωμένους,
859 3643 1045 3707 vocabulum
1076 3644 1194 3720 εἰσβολὴ
1219 3667 1281 3707 non
1306 3645 1367 3729 pri-

245 3781 332 3822 mum
364 3781 485 3821 versum
517 3759 648 3821 denotat
678 3757 730 3820 sed
754 3759 880 3820 initium
904 3758 1051 3840 colloquii
1077 3757 1206 3840 Dionysi
1230 3765 1260 3820 et
1283 3757 1368 3820 Xan·

244 3872 339 3934 thiae.
361 3870 462 3934 Sehol.
481 3871 602 3935 Thesm.
625 3874 709 3934 1065
730 3894 793 3934 non
812 3871 848 3933 de
861 3870 960 3954 primo
973 3875 1095 3941 tantum
1111 3871 1164 3932 sed
1176 3868 1213 3931 de
1226 3870 1366 3952 quinque

245 3984 399 4068 prioribus
421 3984 559 4048 versibus
583 4007 682 4047 sermo
703 3992 759 4047 est.
781 3983 868 4046 Idem
882 3983 1003 4046 obtinet
1015 4007 1062 4067 ap.
1078 3982 1165 4045 Suid.
1179 3983 1251 4045 inv.
1265 3979 1360 4062 ’Άροι-

245 4121 293 4168 σος
317 4097 436 4176 Σολεὺς,
461 4097 533 4161 ubi:
558 4097 667 4174 βιβλίον
691 4093 727 4159 ὧν
751 4097 912 4173 θοινμοίσιος
936 4096 952 4168 ἡ
976 4096 1105 4172 εἰσβολή.
1134 4095 1206 4158 Alia
1226 4095 1366 4180 exempla

243 4209 330 4272 affert
360 4209 508 4274 Thesaur.
542 4207 578 4272 L.
611 4210 665 4272 Gr.
697 4210 717 4272 i.
749 4228 778 4272 v.
804 4208 891 4285 εἰσβ,
916 4207 1030 4291 quibus
1053 4207 1130 4270 adde
1155 4207 1255 4270 Sohol.
1281 4206 1360 4270 Itan.

242 4325 344 4386 lato:
381 4322 554 4400 Σθενεβοίοις
590 4323 621 4385 δὲ
652 4322 668 4394 εἰ
699 4321 791 4402 ἀρχή·
825 4320 983 4398 διοβοίλλει
1013 4321 1044 4384 δὲ
1066 4320 1119 4392 τὴν
1143 4320 1285 4398 ὃμοειδίοιν
1309 4325 1365 4385 σῶν

239 4435 381 4513 εἰσβολῶν
404 4441 460 4499 τῶν
484 4436 652 4517 δροιμοίτων.
