3218 5370
220 594 282 654 158
700 613 817 655 naxus.

198 798 299 852 „voce
330 782 468 859 tempore
497 776 530 838 in
560 775 627 860 ipso
659 774 859 839 inseruisset?
889 776 940 839 Ita
962 777 1099 861 profecto
1122 777 1233 861 ingens
1259 799 1327 840 om-

197 892 314 969 „nium
339 891 418 952 risus
441 891 473 953 in
498 891 596 974 prima
620 892 725 953 statim
750 889 856 954 fabula
880 891 1035 954 excitatus
1058 892 1251 975 tragoediam
1275 897 1323 954 to·

197 1010 289 1080 „tam
312 1002 474 1066 obruisset.
500 1004 544 1065 At
566 1003 648 1066 enim
673 1004 829 1066 verissima
849 1027 913 1067 esse
933 1025 1012 1086 quae
1032 1026 1125 1088 supra
1145 1003 1210 1066 dixi
1229 1027 1247 1067 e
1267 1003 1328 1067 tri-

197 1114 285 1191 „bus
309 1116 444 1199 prologis
468 1123 606 1200 apparet,
630 1139 763 1199 quorum
787 1123 920 1200 utraque
941 1117 1088 1196 recensi0,
1110 1117 1208 1181 altera
1226 1117 1326 1181 maio-

198 1230 268 1305 „ris
291 1228 461 1313 Euripidis,
483 1230 608 1293 minoris
631 1229 730 1292 altera
754 1235 885 1293 aetatem
911 1229 1018 1292 tulit.'’

242 1341 326 1417 Tres,
358 1350 512 1424 quantum
543 1343 667 1420 seimus,
698 1344 928 1426 tragoediarum
952 1344 1072 1427 prologi
1097 1342 1211 1407 mutati
1234 1348 1323 1421 sunt,

199 1454 352 1533 Archelai,
384 1453 492 1517 Phrixi
523 1462 554 1518 et
584 1454 747 1538 Meleagri,
779 1477 857 1538 quos
880 1455 1001 1535 ληκυθίῳ
1025 1455 1177 1518 instruxit
1200 1455 1324 1517 Aristo·

199 1567 313 1651 phanes
336 1591 394 1631 vss.
417 1571 511 1648 12118,
536 1571 631 1645 1226,
656 1571 750 1632 1238.
772 1568 819 1631 De
840 1568 1020 1652 Melanippa
1039 1567 1100 1630 vid.
1114 1569 1152 1631 ad
1165 1591 1208 1631 vs.
1224 1570 1323 1638 1244.

243 1680 439 1765 Respondeat
462 1683 531 1764 quis
551 1682 645 1744 etiarn
662 1682 737 1745 alios
758 1682 899 1765 prologos
913 1682 1015 1745 risisse
1028 1681 1189 1760 comicum,
1203 1702 1320 1763 eosque

199 1817 260 1857 non
286 1800 419 1857 mutatos
444 1818 519 1870 0330,
542 1793 729 1878 Hypsipyles
758 1797 854 1871 1211,
881 1793 1090 1857 Stheneboeae
1117 1795 1211 1869 1217,
1235 1792 1325 1876 Iphi·

199 1909 307 1991 geniae
339 1906 488 1987 Tauricae
515 1908 608 1985 1232,
633 1906 831 1991 Melanippae
856 1905 1060 1990 Philosophae
1095 1908 1188 1968 1244.
1220 1903 1320 1983 Quod

198 2027 302 2082 tamen
326 2018 473 2081 Eritsohii
496 2019 705 2081 coniecturam
727 2034 790 2081 non
815 2017 976 2081 subvertit.
1001 2018 1097 2098 Quid,
1119 2017 1223 2081 sibae
1244 2039 1321 2100 qua·

200 2140 272 2195 tuor
302 2131 426 2194 fabulae
456 2137 526 2215 post
555 2131 657 2195 Ranas
689 2154 750 2194 non
780 2131 894 2193 iterum
925 2153 1033 2194 scenae
1056 2131 1118 2193 sint
1141 2130 1324 2192 commissae

201 2251 256 2308 aut
278 2245 386 2307 multis
409 2244 535 2308 demum
557 2245 645 2307 annis
668 2245 759 2329 post?
783 2245 834 2307 An
853 2244 912 2307 1100
931 2244 1077 2307 acciderit
1097 2243 1253 2306 nescimus
1265 2241 1322 2305 sed

201 2359 326 2421 omnino
349 2358 429 2421 nihil
452 2359 619 2441 quominus
644 2358 839 2442 suspicemur
861 2363 956 2435 vetat,
981 2363 1012 2419 et
1035 2379 1090 2442 per
1113 2379 1145 2419 se
1168 2355 1325 2440 intellegi·

200 2478 253 2533 tur
280 2472 317 2534 iis
347 2475 470 2534 tantum
502 2470 616 2533 fabulis
639 2470 783 2533 secundis
807 2471 889 2533 curis
913 2492 991 2553 opus
1012 2469 1107 2532 fuisse
1130 2490 1209 2552 quae
1233 2467 1322 2532 brevi

200 2592 269 2670 post
292 2584 395 2647 Ranas
419 2585 613 2660 docerentur,
639 2606 709 2646 cum
733 2584 765 2647 τὸ
783 2582 913 2656 ληκύθιον
934 2581 1078 2645 omnibus
1097 2581 1199 2644 adhue
1217 2581 1323 2644 animo

201 2698 330 2760 infixum
366 2704 455 2760 esset.
491 2695 604 2779 Neque
637 2696 739 2759 obstat
769 2697 856 2760 novis
887 2696 948 2759 illis
979 2695 1114 2780 prologis
1137 2697 1170 2759 τὸ
1193 2694 1326 2767 ληκύθιον

201 2833 299 2893 aeque
329 2833 364 2873 ac
394 2809 547 2893 prioribus
578 2810 707 2892 adiungi
731 2831 828 2894 posse.
852 2808 920 2870 Iam
944 2808 1122 2870 satisenim
1147 2807 1229 2870 salva
1254 2813 1323 2870 erat

201 2924 359 3007 tragoedia
394 2924 419 2986 si
453 2945 516 2986 non
544 2924 651 2985 statim
683 2922 720 2985 ab
752 2923 842 2985 initio
873 2921 908 2984 hi
930 2943 1036 2985 versus
1059 2921 1245 2983 audilentur
1269 2920 1326 3002 qui

201 3037 419 3120 Aristophanis
442 3037 508 3099 ioeo
532 3036 657 3099 ridiculi
681 3036 754 3099 facti
780 3043 892 3098 essent.

246 3149 367 3213 Deinde
396 3149 609 3232 quaerendum
638 3156 685 3211 est
716 3146 792 3230 quid
818 3147 875 3209 hoc
898 3146 965 3208 ioco
988 3145 1022 3207 in
1050 3143 1201 3228 Euripide
1224 3165 1328 3228 repre-

202 3263 345 3327 henderit
379 3263 614 3346 Aristophanes.
649 3261 802 3344 Exposuit
837 3259 901 3344 ipse
936 3281 994 3321 vss.
1032 3259 1114 3320 1201
1152 3277 1218 3339 sqq.
1251 3255 1326 3320 ubi:

202 3385 292 3448 ποιεῖς
314 3378 371 3457 γὰρ
393 3375 481 3447 οὕτως
506 3375 574 3438 ὥστ’
599 3374 782 3454 ἐνκρμθττειν
805 3370 886 3436 itaer
907 3369 912 3459 Ι
933 3368 983 3434 aa}
1005 3368 1138 3450 κωδάριον
1159 3367 1213 3433 nal
1233 3367 1327 3442 ληκύ-

202 3492 255 3554 θιον
278 3489 329 3553 cxl
355 3489 487 3553 lanciator
508 3487 512 3576 Ι
533 3491 561 3552 ἐν
584 3495 655 3551 τοῖσι
680 3486 850 3563 ἱκμβειόισι.

247 3601 308 3665 Sed
330 3625 393 3666 non
415 3602 489 3664 satis
513 3602 685 3684 perspicue.
710 3599 853 3661 Fuerunt
881 3595 995 3679 quibus
1018 3594 1243 3678 Aristophanes
1266 3615 1327 3656 nu·

205 3738 303 3779 1110103
324 3715 485 3799 Euripidis
504 3712 692 3798 improbasse
713 3711 881 3774 videretur.
903 3707 1026 3787 Quibus
1039 3708 1178 3770 assentiri
1192 3728 1326 3789 nequeo.

207 3828 414 3892 Usitatissima
438 3829 520 3891 enirn
544 3832 590 3889 est
613 3848 739 3888 caesura
762 3821 1034 3908 penthemimeres,
1052 3843 1153 3903 neque
1169 3818 1329 3882 nesciebat

204 3942 427 4027 Aristophanes
451 3940 555 4004 eodem
577 3939 669 4024 plane
694 3943 791 4001 metro
810 3935 952 4019 prologos
973 3932 1117 4015 Aeschyli
1139 3930 1329 4015 conscriptos

204 4077 269 4118 esse
293 4055 379 4118 velut
402 4053 512 4118 Proin:
1282 4044 1288 4054 ’

427 4167 529 4245 χθονὸς
553 4167 607 4242 μὲν
630 4165 659 4234 ἐς
681 4161 814 4241 τηλουρὸν
838 4157 944 4236 ἥκομεν
966 4156 1050 4220 πέδον

427 4278 540 4351 Σκύθην
563 4279 592 4348 ἐς
616 4269 705 4352 οἷμον,

251 4396 336 4480 Sept.
360 4392 429 4455 adv.
454 4390 562 4455 Theb:
