3218 5370
263 623 323 683 150
739 649 854 692 susan.

242 819 292 883 Vs.
318 811 398 883 8811.
437 822 576 903 Δήμητερ
600 827 616 897 η
642 826 773 905 όρὲῲοοσοι
796 828 849 899 την
872 828 945 904 ἐμὴν
969 829 1063 908 Φρένοι

437 930 508 998 εἷνιιί
530 961 570 1013 με
593 942 648 1000 τῶν
671 944 727 1001 σῶν
751 937 829 1012 όιξιον
855 941 1027 1020 μυστηρίων.

282 1045 383 1109 801101.
410 1051 482 1130 (000
509 1048 587 1112 Ven.
613 1072 714 1132 neque
738 1052 824 1133 ltav.)
849 1052 909 1115 ἔστι
934 1053 965 1116 δὲ
987 1059 1073 1118 τοῦτο
1097 1058 1129 1121 πό
1149 1055 1216 1127 ἔπος
1238 1057 1357 1136 Αἰσχύ-

238 1172 298 1221 λον.
323 1159 370 1222 Ex
393 1160 538 1244 Aeschyli
560 1161 729 1225 Eleusiniis
751 1164 875 1227 fluxisse
899 1167 1030 1228 coniecit
1054 1168 1204 1232 Fritsohe.

239 1407 293 1471 Vs.
319 1400 400 1468 892.
437 1408 533 1489 Αἱόηρ.
558 1410 627 1484 ε’ροόν
650 1408 801 1487 βόσκημιι.
828 1409 874 1473 Cf.
898 1411 938 1474 ad
959 1435 1000 1475 vs.
1027 1416 1084 1476 100
1107 1422 1138 1477 ot
1156 1414 1279 1478 Thesrn.
1306 1419 1357 1479 13.

247 1655 300 1719 Vs.
326 1648 407 1717 902.
565 1656 771 1735 οιόσοπρέρονοιο
791 1655 796 1744 Ι
816 1665 877 1729 τοῖς
900 1658 1024 1735 λόγοισιν
1047 1661 1226 1736 ἕροπεσόνποι.

286 1767 331 1831 De
358 1768 518 1852 Aeschylo,
543 1771 598 1851 qui
623 1791 695 1832 voce
717 1770 913 1850 οιόπόπρερονος
938 1772 1041 1834 utitur
1064 1773 1156 1834 Eum.
1180 1775 1255 1835 401.

245 2016 298 2080 Vs·
325 2008 405 2077 931.
442 2015 495 2088 ἤδη
519 2016 585 2077 ποτ’
610 2017 638 2078 ἕν
661 2017 762 2096 μοικρῷ
786 2016 878 2097 χρόνῳ
902 2021 1001 2089 νυκτός
1026 2018 1227 2100 διηγρύπνησα

441 2130 489 2191 τόν
512 2126 607 2201 ξονόόν
630 2129 866 2210 ἱππνλεκπρνόνοι
890 2130 984 2210 ζητῶν
1007 2132 1051 2204 πός
1074 2134 1150 2195 ἐστιν
1174 2131 1251 2212 όρνις.

279 2230 419 2306 Ῥνιιοόίνι
442 2242 518 2305 Eur.
542 2242 637 2326 Hipp.
664 2244 737 2319 375,
763 2242 816 2306 ubi
840 2243 992 2307 Phaedra:

444 2355 497 2428 ἤδη
524 2356 589 2418 ποτ’
613 2353 712 2426 όιλλοος
735 2357 835 2427 νυκτός
859 2357 887 2418 ἕν
910 2357 1011 2436 μοικρῷ
1035 2357 1127 2436 χρόνῳ

446 2469 551 2541 όνηπῶν
574 2468 716 2548 ἕφρόνπισ’
741 2464 759 2547 ᾖ
781 2467 952 2548 διὲφόοιρποιι
976 2469 1047 2545 βίος.

172 2610 181 2619 “
288 2592 397 2656 Kook:
427 2592 517 2671 „Die
547 2591 800 2655 Lacherliohheit
830 2592 898 2655 dass
920 2592 1062 2656 Phaedra
1086 2616 1124 2656 zu
1149 2593 1273 2656 solehen
1299 2591 1362 2655 Me-

244 2706 447 2784 „ditationen
478 2706 590 2789 gerarle
620 2704 670 2768 die
700 2706 804 2768 Naoht
827 2706 931 2783 wahlt,
957 2707 1109 2769 verhhhnt
1134 2709 1187 2769 Ar.
1212 2706 1362 2783 dadureh,

244 2818 342 2894 „dass
373 2841 405 2881 er
438 2819 498 2881 don
531 2818 688 2901 Dionysus
718 2841 771 2880 um
796 2819 880 2881 einer
904 2819 1025 2881 wahren
1048 2817 1217 2902 Lumperei
1243 2817 1362 2880 Willen

243 2933 339 3008 „sich
362 2933 394 2994 in
418 2932 576 2994 {thulioher
601 2930 706 2993 Weise
729 2930 780 2993 die
804 2930 987 2993 Nachtruhe
1008 2931 1170 2994 eutziehen
1189 2929 1295 2995 losst.''
1320 2932 1363 2992 At

244 3046 320 3129 quid
350 3046 431 3108 inest
462 3044 592 3129 dignum
623 3043 706 3126 quod
741 3044 879 3107 rideatur
912 3045 937 3107 si
962 3043 1103 3107 Phaedra
1126 3045 1309 3129 profiteatur
1332 3067 1362 3106 se

243 3164 339 3221 noctu
362 3181 417 3241 per
439 3157 606 3220 insomnias
631 3157 669 3220 de
692 3156 784 3220 rebus
811 3157 955 3220 humanis
983 3157 1161 3219 meditatam
1190 3155 1276 3220 esse?
1300 3155 1362 3220 Ne·

244 3294 305 3354 que
340 3271 369 3332 h.
404 3271 425 3334 l.
457 3277 493 3332 ut
525 3270 727 3355 reprehendat
757 3269 981 3353 Aristophanes
1012 3269 1146 3348 ποιοῳδεῑ,
1178 3268 1231 3332 sed
1259 3276 1297 3331 ut
1319 3291 1364 3332 re·

244 3499 325 3562 siout
357 3497 413 3580 Eq.
448 3501 532 3559 1290
565 3518 630 3578 sqq.
663 3496 711 3560 Of.
744 3494 819 3560 Gob.
846 3518 916 3558 nov.
942 3495 1013 3558 leet.
1037 3518 1067 3579 p.
1094 3499 1123 3556 9.
1149 3496 1248 3566 Ξονόός
1268 3494 1362 3557 ἱππιο-

243 3612 383 3690 hearpath
408 3609 552 3692 Aeschyli
577 3616 633 3685 est,
658 3608 695 3671 01.
720 3607 757 3670 fr.
784 3610 846 3670 130
871 3606 923 3686 N„
950 3609 1023 3671 137.
1046 3607 1096 3684 D.,
1120 3629 1213 3689 quem
1232 3606 1270 3669 ob
1284 3607 1363 3669 illud

244 3729 416 3785 monstrum
441 3745 504 3784 non
528 3720 564 3783 ab
588 3720 739 3804 Euripide
765 3719 818 3783 sed
841 3719 879 3783 ab
903 3721 970 3804 ipso
994 3719 1203 3804 Aristophane
1227 3718 1363 3782 ludibrio

243 3834 348 3898 haberi
373 3841 501 3919 apparet
524 3833 595 3897 Pae.
625 3835 718 3911 1171,
744 3835 800 3896 Αν.
827 3836 901 3896 809.
927 3832 1143 3913 Τροινόλοιφος,
1170 3856 1213 3896 vs.
1236 3834 1309 3913 937,
1332 3832 1363 3917 in

243 3949 464 4035 superstitibus
487 3949 633 4032 Aeschyli
656 3948 822 4032 tragoediis
845 3970 907 4011 uon
932 3947 1100 4011 invenitur.
1125 3946 1290 4010 Philemon
1314 3947 1362 4008 ἱπ-

244 4063 489 4145 ποπροιγελοέφονς
513 4063 612 4126 finxit.
637 4062 737 4125 Koch.

242 4310 295 4374 Vs.
322 4304 403 4372 946.
440 4309 510 4373 ἀλλ’
534 4306 631 4382 οὑξιὼν
654 4309 801 4389 πρόπιςποι
824 4308 880 4386 μέν
903 4333 952 4386 μοι
975 4310 1008 4374 τό
1031 4309 1113 4387 γένος
1137 4303 1193 4370 εἶπ’
1219 4306 1255 4371 όιν
1280 4307 1362 4377 εὐθὺς

443 4426 494 4486 τοῦ
519 4422 677 4503 δρόμοτοι.
704 4419 775 4484 Vid.
801 4422 840 4485 ad
863 4422 940 4484 th.
967 4422 1020 4485 47.
