3218 5370
299 643 361 703 126
655 658 1005 724 mnsuornoamzosru.

320 822 391 886 Hel.
425 826 498 900 565,
531 827 603 886 566.
636 823 818 907 Suspicatur
842 822 982 886 Eritsche
1005 823 1146 887 codicum
1169 822 1335 885 lectionem
1362 822 1394 884 in

278 935 332 997 Ar.
356 935 487 1015 ἐοχθρας
510 937 678 1019 genuinam
702 959 777 999 esse.

273 1181 325 1245 Vs.
352 1175 432 1243 913.
490 1182 568 1259 λαβέ
592 1207 632 1258 με
655 1181 733 1258 λαβέ
756 1206 805 1259 με,
829 1180 905 1258 πθσι,
930 1181 1071 1262 περίβαλε
1094 1183 1125 1245 δὲ
1148 1181 1249 1262 χέρας.

321 1318 402 1380 Sono
432 1318 546 1382 similes
577 1325 650 1380 sunt
682 1318 815 1380 dochmii
846 1316 917 1380 Hel.
952 1318 1013 1381 aa?
1038 1316 1147 1395 έλαβον
1169 1318 1290 1396 θσμένα
1313 1319 1394 1382 πόσιν

275 1431 353 1508 ἐμὸν,
378 1431 476 1510 φίλαι,
497 1428 502 1517 Ι
523 1430 587 1510 περί
606 1431 633 1492 τ’
656 1430 790 1494 ἐπέτασα
813 1429 900 1510 χέρα.

319 1540 469 1603 Consulto
493 1541 617 1604 videtur
640 1541 719 1619 λαβέ
742 1567 782 1618 με
805 1548 837 1605 01
855 1544 887 1604 iu
905 1543 1047 1625 sequenti
1068 1566 1159 1606 versu
1178 1542 1281 1621 θιπαγε
1298 1544 1391 1608 itera·

273 1655 350 1716 visse
381 1661 418 1715 ut
448 1653 610 1717 verborum
639 1655 856 1738 repetitionem
881 1656 913 1718 in
937 1656 1089 1741 Euripide
1112 1663 1244 1735 notaret,
1269 1660 1307 1721 de
1331 1679 1393 1741 qua

275 1766 344 1829 vide
375 1767 413 1830 ad
444 1766 522 1830 Ran.
551 1770 645 1832 1337.
669 1767 880 1831 Numerorum
906 1769 1145 1853 Euripideorum
1169 1772 1323 1834 rationem
1346 1772 1394 1833 lu·

275 1877 374 1942 dibrio
396 1879 506 1943 habuit
530 1879 630 1942 verbis
653 1903 696 1943 vs,
722 1882 784 1942 915

495 2004 573 2085 φέρε,
598 2028 631 2066 σε
653 2003 738 2067 κθποι.
763 2002 867 2082 θιπαρέ
891 2005 925 2082 μ’
949 2003 1047 2082 ἄπαγ’
1072 2003 1169 2083 θπαγ’
1195 2005 1298 2083 ἄπαγέ
1320 2031 1369 2084 με.

317 2116 499 2200 Euripidem
531 2117 613 2179 enim
641 2117 673 2179 in
702 2117 877 2200 posterioris
906 2118 1053 2202 temporis
1085 2118 1251 2202 tragoediis
1275 2119 1392 2197 „haud

273 2251 371 2305 „raro
405 2251 503 2312 usque
534 2253 569 2292 eo
597 2231 807 2313 negligentiae
835 2252 1031 2314 progressum
1062 2254 1126 2294 esse
1150 2240 1186 2294 ut
1210 2230 1388 2295 fabularum

274 2342 371 2419 „eius
402 2364 507 2405 versus
534 2364 704 2405 sermonem
728 2343 790 2405 fere
812 2343 972 2425 vulgarem
995 2342 1166 2426 adaequare
1189 2344 1389 2421 videantur,''

274 2460 343 2537 post
366 2453 580 2517 Hermannum
605 2455 741 2518 ostendit
764 2453 797 2516 O.
821 2454 856 2517 E.
882 2454 1026 2518 Mueller.
1052 2454 1100 2518 De
1124 2455 1254 2540 pedibus
1277 2456 1388 2520 solutis

273 2567 306 2628 in
330 2568 524 2651 dialogorum
549 2568 677 2631 senariis
700 2591 730 2652 p.
756 2571 797 2629 42
823 2588 888 2650 sqq.

316 2677 552 2763 Paratragoedia
574 2680 708 2762 denique
732 2679 864 2743 habendi
888 2685 963 2744 sunt
985 2703 1043 2744 vss.
1069 2683 1143 2761 918,
1168 2683 1242 2757 919,
1267 2683 1341 2744 926.

272 2929 326 2994 Vs.
354 2923 457 2992 1015.
492 2929 580 3008 Φίλαι
600 2928 737 3009 παρθένοι,
762 2929 861 3006 Φθλαι,

493 3045 553 3113 πῶς
577 3039 613 3104 θον
637 3041 790 3120 ιὀπέλθοιραι
813 3041 864 3106 καὶ

492 3156 540 3218 τὸν
564 3153 677 3225 Σκθθον
699 3154 833 3232 λοθθοιραις

316 3293 418 3356 Schol.
442 3292 522 3371 παρα
543 3291 584 3355 τοὶ
606 3289 639 3365 ἐξ
660 3292 858 3372 Ἀνδρομέδας
882 3290 1036 3371 Εὐριπίδου
1057 3339 1077 3368 „
1085 3290 1173 3368 Φέλαι
1190 3288 1320 3368 παρθένοι
1332 3287 1388 3368 φέ-

272 3420 322 3468 λαι
356 3405 435 3483 μοι.”
470 3404 509 3467 cd
541 3405 573 3467 δέ
599 3403 795 3484 ἐπιφερόμενα
817 3406 884 3477 πρὸς
907 3406 939 3467 τὸ
961 3404 1035 3466 αὐτὸ
1058 3400 1118 3487 (Er.
1143 3403 1241 3465 αὐτοῦ.
1266 3400 1380 3463 Nonne

270 3518 348 3597 αὐτῷ
357 3517 393 3601 2)
430 3516 582 3595 χρήσιμον.
618 3514 669 3578 Er.
707 3519 779 3581 117.
814 3515 936 3578 Horum
967 3522 1089 3600 praeter
1117 3513 1209 3577 verba
1240 3513 1335 3577 allata
1369 3537 1386 3576 a

271 3630 372 3693 Schol.
396 3629 475 3692 nihil
496 3629 643 3714 Euripidi
666 3627 868 3692 tribuendum
892 3651 956 3691 esse
980 3649 1097 3691 censeo.
1122 3626 1208 3689 Haec
1233 3627 1316 3689 enim
1341 3631 1388 3689 est

271 3743 382 3806 talium
413 3742 612 3826 parodiarum
643 3742 754 3805 facetia
782 3742 865 3824 quod
896 3742 1025 3804 eandem
1048 3763 1082 3802 ac
1105 3739 1263 3822 tragoedia
1287 3740 1388 3821 ingre·

269 3855 400 3919 (liuntur
423 3856 503 3918 viam
526 3856 579 3918 sed
601 3854 707 3918 subito
729 3855 789 3917 alio
814 3853 994 3917 deflectunt.
1021 3852 1197 3916 Verisimile
1220 3857 1267 3915 est
1291 3851 1385 3914 Euri-

269 3968 372 4053 pidem
395 3967 551 4030 dochmios
573 3967 726 4050 scripsisse
750 3966 838 4046 φίλαι
861 3965 997 4045 παρθένοι,
1018 3965 1105 4045 φίλαι
1125 3989 1174 4041 μοι
1196 3983 1283 4041 w,
1297 3964 1385 4026 item·
1487 4018 1489 4022 ,

270 4102 331 4162 que
355 4080 602 4163 Aristophanem,
626 4086 663 4141 01
685 4079 816 4141 coniecit
839 4076 999 4141 Hermann
1022 4079 1127 4161 legens

490 4193 578 4273 Φίλαι
601 4191 728 4271 παρθένοι
752 4191 840 4271 φίλαι
864 4195 925 4262 πῶς
948 4189 983 4254 θον
1006 4185 1060 4254 οὖν.

313 4303 421 4367 Lectio
449 4304 587 4367 codicum
611 4303 735 4381 λθβοιμι
758 4304 947 4367 defensorem
971 4311 1081 4368 nactus
1105 4312 1151 4367 est
1174 4302 1379 4367 Ribbeckium

267 4416 322 4501 qui
356 4416 463 4493 λαβεῖν
498 4419 619 4499 fanqea,
651 4414 680 4477 d.
712 4415 744 4478 h.
776 4418 915 4480 θθανοθοιι
946 4417 1177 4502 interpretatur.
1204 4419 1247 4481 At
1272 4416 1381 4493 λαβεῖν
