3218 5370
267 677 329 736 186
600 696 603 702 ’
742 692 864 736 ruerus.

245 859 370 922 videtur
396 859 574 921 coniectura
605 855 812 936 Valckenarii‚
838 856 938 922 Diatr.
962 881 993 942 p.
1019 861 1092 938 196,
1117 859 1361 944 Aristophanem

244 973 371 1056 qui-dem
396 971 486 1034 verbo
506 968 726 1048 ἐξυμμοθτιοται
748 970 879 1033 dixisse:
902 971 1045 1034 oculatus
1063 972 1164 1035 faetus
1177 977 1232 1052 est,
1247 972 1365 1058 Sopho·

243 1085 322 1147 olem
353 1091 476 1147 eontra:
501 1086 675 1160 „oculorum
698 1083 760 1145 aeia
780 1083 918 1163 ρνὶυοθυε
941 1091 994 1160 ert,
1019 1090 1056 1146 ut
1079 1083 1245 1168 Euripides
1269 1107 1364 1148 suum

242 1197 369 1260 adhibet
403 1194 653 1274 ἐξομματοῦμεν”
689 1195 725 1259 fr.
760 1197 833 1257 5s5.
866 1193 979 1257 Obstat
1009 1195 1082 1259 huic
1110 1196 1364 1281 interpretationi

242 1332 373 1392 sequens
400 1308 626 1388 λελοθμπρυνται
648 1308 741 1388 κόρας.
767 1304 978 1385 Ἐξομματοῦν
997 1331 1233 1391 nonnumquam
1256 1312 1362 1387 ἐμμα-

242 1428 309 1486 τοῖιν
333 1421 435 1484 valere
458 1427 584 1505 apparot
608 1421 719 1484 Aesch.
745 1422 848 1484 Prom.
873 1424 947 1484 498.

287 1534 360 1597 Non
385 1540 487 1597 tamen
512 1533 595 1595 hisce
618 1533 759 1615 quaestio
784 1532 823 1595 ad
847 1532 939 1595 finem
959 1534 1110 1617 perducta
1128 1540 1184 1599 est.
1204 1532 1365 1598 Videntur

244 1648 327 1709 euim
363 1647 435 1709 viris
470 1648 568 1710 doctis
598 1647 661 1709 duo
692 1646 778 1709 allati
802 1668 918 1725 versus,
943 1648 968 1709 si
992 1648 1239 1731 coniunguntur,
1264 1647 1360 1711 alieni

245 1782 310 1822 esse
341 1782 358 1821 a
388 1758 495 1822 fabula
517 1758 636 1821 Phineo
661 1765 692 1820 et
715 1758 788 1821 haee
812 1765 860 1821 est
883 1781 975 1823 causa
999 1782 1053 1822 our
1076 1760 1211 1823 alterum
1233 1782 1358 1823 versum

245 1871 362 1935 Phineo
386 1871 642 1936 abiudicaverint.
666 1870 713 1933 De
736 1879 920 1953 argumento
942 1871 1119 1956 tragoediae
1143 1873 1240 1955 igitur
1258 1872 1364 1936 viden·

245 1984 319 2047 dum
344 1992 400 2048 est.
425 1984 604 2047 Nonnullos
628 1983 743 2066 quibus
766 1984 815 2046 hio
839 2007 916 2068 opus
940 1992 987 2048 est
1009 1986 1091 2048 locos
1114 1986 1248 2049 afferam.

289 2097 389 2160 Schol.
426 2097 531 2181 Apoll.
563 2096 624 2160 Ith.
657 2096 692 2159 Π
725 2099 787 2162 178
802 2145 897 2162 .....
929 2100 1088 2178 πυρωθῆναι
1113 2099 1144 2162 δὲ
1166 2100 1253 2162 αὐτὸν
1278 2097 1363 2182 (Phi-

245 2211 350 2292 neum)
375 2208 416 2273 ἐτι
430 2258 525 2282 .....
549 2215 706 2289 Σοφοκλῆς
729 2210 760 2272 δὲ
782 2208 823 2272 θ’πι
847 2210 913 2281 τοὺς
936 2212 968 2273 ἐκ
993 2209 1183 2290 Κλεοπατρας
1202 2210 1275 2282 υἱοὺς
1295 2209 1361 2274 ἐτύ-

245 2329 469 2401 φλ.ιοσεν.....
513 2322 639 2394 πεισθεὶς
678 2323 832 2399 διαβολαῖς
870 2323 945 2394 Διάς
980 2323 1105 2406 (Wagn.
1140 2322 1270 2408 Ἰδαίας)
1308 2331 1362 2398 τῆς

244 2438 338 2499 αὐτῶν
363 2439 512 2514 μκτρυιοῖς.
540 2435 611 2513 Quo
633 2436 701 2497 looo
725 2437 831 2498 drama
855 2434 1008 2498 Phineum
1035 2436 1171 2520 respexit
1193 2435 1363 2499 Scholiasta

243 2571 305 2610 non
336 2547 560 2631 Tymlranistas,
586 2549 616 2610 in
641 2571 702 2630 quo
725 2571 787 2611 non
810 2550 876 2632 ipse
899 2548 1036 2612 Phineus
1059 2550 1111 2613 sed
1134 2572 1265 2613 noverea
1287 2572 1363 2634 pue·

243 2683 292 2723 ros
315 2663 498 2739 exeaecavit,
522 2662 603 2723 siout
627 2663 719 2723 etiam
744 2663 853 2744 Antig.
881 2665 943 2723 966
966 2684 1032 2744 sqq.

288 2774 488 2858 Asclepiades
522 2775 555 2836 in
591 2773 692 2836 Sahal.
725 2773 785 2839 Od.
817 2774 882 2837 XII
914 2779 954 2838 69
985 2775 1179 2838 haecdicit:
1204 2774 1281 2855 ἔχων
1303 2775 1363 2855 γαρ

244 2888 361 2958 παῖδας
389 2889 421 2951 ἐκ
445 2886 635 2966 Κλεοποέτροις
657 2895 711 2959 τῆς
734 2886 831 2965 Βορέου
856 2886 906 2950 κα)
931 2888 1084 2965 ε’πινθμας
1108 2888 1250 2966 Εὐρυτίαν
1274 2888 1361 2952 δέδοι-

218 3023 287 3062 ὀιν
310 2999 416 3069 αὐτοὺς
438 3007 474 3077 τῇ
499 3003 624 3078 μκπρυιρῖ
648 2997 862 3074 διαβληθέντας
886 3000 953 3078 προς
977 2999 1125 3078 αναίρεσιν.
1152 2999 1223 3070 Ζεὺς
1248 2997 1278 3061 δὲ
1297 3021 1361 3078 χα-

242 3111 371 3183 λεπήνας
394 3110 475 3188 λέγει
493 3113 572 3190 αὐτῷ
592 3110 705 3189 πθτερον
726 3110 865 3187 βούλεται
884 3112 1039 3174 αποθανεῖν
1063 3110 1206 3191 ἢτυςθλθς
1218 3110 1362 3188 γενέσθαι·

243 3225 256 3286 ὁ
287 3224 317 3287 δὲ
349 3223 469 3301 αἱρεῖται
493 3222 535 3299 μίρ
560 3223 623 3302 θροῖν
646 3224 693 3286 τθν
718 3220 803 3295 ἥλιον.
830 3224 1049 3298 ἀγανακτήσας·
1073 3223 1103 3286 δὲ
1127 3224 1140 3285 θ
1165 3220 1267 3294 Ἥλιος
1291 3223 1361 3302 Ἀρ-

242 3336 330 3406 πυίας
360 3335 520 3413 ἐπιπέμπει
551 3337 632 3415 αὐτῷ
662 3333 778 3408 αἵτινες,
810 3333 906 3399 εἴποτε
928 3335 1032 3412 μέλλοι
1055 3336 1163 3407 ἐσθίειν,
1189 3336 1279 3398 αὐτοῦ
1304 3333 1362 3398 διέ-

243 3471 371 3528 πρασσον
405 3448 464 3533 (τοὶ
495 3448 642 3526 βρώματα
671 3450 762 3511 αὐτοῦ
787 3447 941 3527 διήρπαζον
964 3448 1129 3531 Buttman)
1154 3446 1363 3525 ἐμβαλλουοαι

243 3560 351 3640 φθοροθν
375 3584 451 3624 τινα·
473 3558 524 3623 καὶ
548 3557 636 3631 οθτιος
661 3561 760 3631 Φινεὺς
785 3563 959 3638 ἐτιμωρεῖτο.

289 3673 391 3736 861101.
425 3673 517 3757 Soph.
549 3673 625 3736 Ant.
651 3676 713 3734 981
740 3672 820 3736 κατα
844 3673 875 3736 δέ
898 3697 979 3744 τινας
1007 3672 1197 3757 (ἐπένειμεν)
1224 3670 1363 3736 Εἷδοθέαν

243 3785 295 3857 τὴν
319 3784 441 3861 Καδμου
463 3784 607 3864 ἀδελφὴν,
628 3780 662 3856 ἧς
682 3782 733 3847 καὶ
755 3786 843 3856 αὐτὸς
864 3790 1020 3865 Σοφοκλῆς
1041 3784 1211 3862 μνημονεύει
1230 3785 1257 3846 ἐν
1271 3793 1361 3861 Τυμ-

243 3907 413 3971 πανισταῖς,
438 3896 500 3971 ἥτις
520 3896 553 3972 ἐξ
571 3899 730 3975 ἐπιβουλῆς
749 3900 938 3978 evorsum
956 3899 1022 3970 τοὺς
1043 3897 1232 3978 Κλεοπατρας
1244 3897 1362 3969 παῖδας

242 4014 271 4075 ἐν
294 4010 384 4091 ταφῳ
407 4008 561 4091 καθεῖρξεν.

288 4124 392 4207 Apoll.
417 4123 434 4186 I
459 4127 487 4201 9,
516 4127 565 4185 al.
589 4125 740 4186 Ἐντεῦθεν
763 4122 943 4200 οέναχθέντες
967 4123 1189 4206 (Argonautae)
1213 4125 1362 4185 καταντῶ-

242 4259 286 4298 σιν
316 4237 355 4306 εές
385 4235 437 4307 τὴν
467 4235 583 4316 Θροέκρς
612 4234 839 4311 Σαλμυδησσὸν,
870 4232 936 4299 ένθα
965 4235 1028 4314 ᾤκει
1053 4234 1152 4306 Φινεὺς
1175 4233 1282 4312 μοέντις
1305 4233 1362 4304 τοὶς

242 4346 322 4426 ὄψεις
351 4348 555 4428 πεπνριομένος
568 4396 662 4412 .....
694 4346 836 4426 ἔπεμψαν
867 4347 898 4410 δὲ
929 4349 1007 4427 αὐτῷ
1038 4347 1088 4411 καὶ
1112 4347 1168 4419 τας
1191 4346 1315 4426 αρπυίοος
1338 4346 1362 4409 οἱ

242 4458 297 4524 θεοὶ
319 4461 379 4523 κτὲ.
