<?xml version="1.0" encoding="UTF-8"?>
<!DOCTYPE html PUBLIC "-//W3C//DTD XHTML 1.0 Transitional//EN"
    "http://www.w3.org/TR/xhtml1/DTD/xhtml1-transitional.dtd">
<html xmlns="http://www.w3.org/1999/xhtml" xml:lang="en" lang="en">
 <head>
  <title>
</title>
<meta http-equiv="Content-Type" content="text/html;charset=utf-8" />
  <meta name='ocr-system' content='tesseract 3.04.00' />
  <meta name='ocr-capabilities' content='ocr_page ocr_carea ocr_par ocr_line ocrx_word'/>
</head>
<body>
  <div class='ocr_page' id='page_1' title='image "./deparodiaincomo00bakhgoog_0100.png"; bbox 0 0 3218 5370; ppageno 0'>
   <div class='ocr_carea' id='block_1_1' title="bbox 738 603 1313 667">
    <p class='ocr_par' dir='ltr' id='par_1_1' title="bbox 738 603 1313 667">
     <span class='ocr_line' id='line_1_1' title="bbox 738 603 1313 667; baseline 0.003 -4"><span class='ocrx_word' id='word_1_1' title='bbox 738 621 826 664; x_wconf 77' lang='lat' dir='ltr'><strong>avus.</strong></span> <span class='ocrx_word' id='word_1_2' title='bbox 1273 603 1313 667; x_wconf 78' lang='lat'><strong>8⁷</strong></span> 
     </span>
    </p>
   </div>
   <div class='ocr_carea' id='block_1_2' title="bbox 216 784 1341 1097">
    <p class='ocr_par' dir='ltr' id='par_1_2' title="bbox 216 784 1341 1097">
     <span class='ocr_line' id='line_1_2' title="bbox 217 784 1341 866; baseline 0 -17"><span class='ocrx_word' id='word_1_3' title='bbox 217 785 326 866; x_wconf 78' lang='grc' dir='ltr'><em>κυμνίῳ</em></span> <span class='ocrx_word' id='word_1_4' title='bbox 361 785 533 863; x_wconf 72' lang='grc' dir='ltr'><em>μνημονεύω</em></span> <span class='ocrx_word' id='word_1_5' title='bbox 567 785 603 849; x_wconf 86' lang='grc' dir='ltr'><strong>όιν</strong></span> <span class='ocrx_word' id='word_1_6' title='bbox 632 784 709 858; x_wconf 84' lang='grc' dir='ltr'><em>ίσοις.</em></span> <span class='ocrx_word' id='word_1_7' title='bbox 742 790 926 866; x_wconf 76' lang='grc' dir='ltr'><em>κεραυνοῦται</em></span> <span class='ocrx_word' id='word_1_8' title='bbox 957 785 1014 866; x_wconf 72' lang='grc' dir='ltr'><em>γόιρ</em></span> <span class='ocrx_word' id='word_1_9' title='bbox 1046 787 1062 859; x_wconf 73' lang='grc' dir='ltr'><em>ἡ</em></span> <span class='ocrx_word' id='word_1_10' title='bbox 1093 791 1164 854; x_wconf 84' lang='grc' dir='ltr'><em>ναῦς</em></span> <span class='ocrx_word' id='word_1_11' title='bbox 1188 785 1269 850; x_wconf 80' lang='grc' dir='ltr'><em>κατόν</em></span> <span class='ocrx_word' id='word_1_12' title='bbox 1294 787 1341 850; x_wconf 84' lang='grc' dir='ltr'><strong>τόν</strong></span> 
     </span>
     <span class='ocr_line' id='line_1_3' title="bbox 216 897 1337 982; baseline 0.001 -21"><span class='ocrx_word' id='word_1_13' title='bbox 216 899 279 961; x_wconf 79' lang='grc' dir='ltr'><em>ἐκεῖ</em></span> <span class='ocrx_word' id='word_1_14' title='bbox 298 897 394 975; x_wconf 76' lang='grc' dir='ltr'><em>λόγον,</em></span> <span class='ocrx_word' id='word_1_15' title='bbox 419 900 478 976; x_wconf 81' lang='grc' dir='ltr'><strong>οὐχ</strong></span> <span class='ocrx_word' id='word_1_16' title='bbox 497 900 534 969; x_wconf 81' lang='grc' dir='ltr'><em>ὠς</em></span> <span class='ocrx_word' id='word_1_17' title='bbox 559 900 648 962; x_wconf 80' lang='grc' dir='ltr'><em>αὐτοῦ</em></span> <span class='ocrx_word' id='word_1_18' title='bbox 671 903 722 962; x_wconf 84' lang='grc' dir='ltr'><strong>νοῦ</strong></span> <span class='ocrx_word' id='word_1_19' title='bbox 743 898 902 975; x_wconf 79' lang='grc' dir='ltr'><em>Λικυμνίου</em></span> <span class='ocrx_word' id='word_1_20' title='bbox 924 901 990 982; x_wconf 70' lang='grc' dir='ltr'><em>[τῆς</em></span> <span class='ocrx_word' id='word_1_21' title='bbox 1009 898 1148 982; x_wconf 88' lang='grc' dir='ltr'><em>φοκίδος]</em></span> <span class='ocrx_word' id='word_1_22' title='bbox 1169 922 1337 976; x_wconf 84' lang='grc' dir='ltr'><em>κασεσκεμ-</em></span> 
     </span>
     <span class='ocr_line' id='line_1_4' title="bbox 217 1011 1339 1097; baseline 0 -22"><span class='ocrx_word' id='word_1_23' title='bbox 217 1011 312 1089; x_wconf 80' lang='grc' dir='ltr'><em>μόνου.</em></span> <span class='ocrx_word' id='word_1_24' title='bbox 346 1012 379 1075; x_wconf 85' lang='lat' dir='ltr'><strong>si</strong></span> <span class='ocrx_word' id='word_1_25' title='bbox 407 1011 489 1075; x_wconf 89' lang='lat' dir='ltr'><strong>enim</strong></span> <span class='ocrx_word' id='word_1_26' title='bbox 521 1035 584 1075; x_wconf 90' lang='lat' dir='ltr'><strong>non</strong></span> <span class='ocrx_word' id='word_1_27' title='bbox 615 1012 680 1097; x_wconf 90' lang='lat' dir='ltr'><strong>ipse</strong></span> <span class='ocrx_word' id='word_1_28' title='bbox 710 1012 893 1096; x_wconf 86' lang='lat' dir='ltr'>Licymnius</span> <span class='ocrx_word' id='word_1_29' title='bbox 916 1012 1049 1076; x_wconf 83' lang='lat' dir='ltr'><strong>fulmine</strong></span> <span class='ocrx_word' id='word_1_30' title='bbox 1072 1011 1154 1076; x_wconf 90' lang='lat' dir='ltr'><strong>ictus</strong></span> <span class='ocrx_word' id='word_1_31' title='bbox 1179 1018 1235 1091; x_wconf 91' lang='lat' dir='ltr'><strong>est,</strong></span> <span class='ocrx_word' id='word_1_32' title='bbox 1260 1034 1339 1075; x_wconf 90' lang='lat' dir='ltr'><strong>oom-</strong></span> 
     </span>
    </p>
   </div>
   <div class='ocr_carea' id='block_1_3' title="bbox 216 1125 1435 1212">
    <p class='ocr_par' dir='ltr' id='par_1_3' title="bbox 216 1125 1435 1212">
     <span class='ocr_line' id='line_1_5' title="bbox 216 1125 1435 1212; baseline 0 -24"><span class='ocrx_word' id='word_1_33' title='bbox 216 1126 335 1210; x_wconf 88' lang='lat' dir='ltr'><strong>paratio</strong></span> <span class='ocrx_word' id='word_1_34' title='bbox 358 1126 577 1210; x_wconf 84' lang='lat' dir='ltr'><strong>Aristophanis</strong></span> <span class='ocrx_word' id='word_1_35' title='bbox 599 1126 709 1190; x_wconf 78' lang='lat' dir='ltr'><strong>misere</strong></span> <span class='ocrx_word' id='word_1_36' title='bbox 732 1125 897 1190; x_wconf 87' lang='lat' dir='ltr'><strong>claudicat.</strong></span> <span class='ocrx_word' id='word_1_37' title='bbox 922 1125 1115 1210; x_wconf 83' lang='lat' dir='ltr'><strong>Licymnius,</strong></span> <span class='ocrx_word' id='word_1_38' title='bbox 1146 1125 1340 1210; x_wconf 81' lang='lat' dir='ltr'><strong>Electryonis</strong></span> <span class='ocrx_word' id='word_1_39' title='bbox 1431 1205 1435 1212; x_wconf 24' lang='grc'>1</span> 
     </span>
    </p>
   </div>
   <div class='ocr_carea' id='block_1_4' title="bbox 214 1238 1342 2340">
    <p class='ocr_par' dir='ltr' id='par_1_4' title="bbox 216 1238 1341 1428">
     <span class='ocr_line' id='line_1_6' title="bbox 216 1238 1341 1323; baseline 0.001 -23"><span class='ocrx_word' id='word_1_40' title='bbox 216 1245 248 1300; x_wconf 93' lang='lat' dir='ltr'><strong>et</strong></span> <span class='ocrx_word' id='word_1_41' title='bbox 278 1238 402 1302; x_wconf 89' lang='lat' dir='ltr'><strong>Mideae</strong></span> <span class='ocrx_word' id='word_1_42' title='bbox 431 1238 524 1319; x_wconf 90' lang='lat' dir='ltr'><strong>filius,</strong></span> <span class='ocrx_word' id='word_1_43' title='bbox 556 1239 725 1302; x_wconf 85' lang='lat' dir='ltr'><strong>Alcmenae</strong></span> <span class='ocrx_word' id='word_1_44' title='bbox 755 1239 859 1316; x_wconf 87' lang='lat' dir='ltr'><strong>frater,</strong></span> <span class='ocrx_word' id='word_1_45' title='bbox 895 1238 1115 1323; x_wconf 84' lang='lat' dir='ltr'><strong>aTlepolemo</strong></span> <span class='ocrx_word' id='word_1_46' title='bbox 1139 1239 1256 1302; x_wconf 89' lang='lat' dir='ltr'><strong>occisus</strong></span> <span class='ocrx_word' id='word_1_47' title='bbox 1279 1246 1341 1301; x_wconf 90' lang='lat' dir='ltr'><strong>tra·</strong></span> 
     </span>
     <span class='ocr_line' id='line_1_7' title="bbox 216 1350 692 1428; baseline 0.006 -14"><span class='ocrx_word' id='word_1_48' title='bbox 216 1350 313 1428; x_wconf 85' lang='lat' dir='ltr'><strong>ditur,</strong></span> <span class='ocrx_word' id='word_1_49' title='bbox 337 1351 390 1414; x_wconf 85' lang='lat' dir='ltr'><strong>vid</strong></span> <span class='ocrx_word' id='word_1_50' title='bbox 413 1353 461 1416; x_wconf 90' lang='lat' dir='ltr'><strong>ad.</strong></span> <span class='ocrx_word' id='word_1_51' title='bbox 483 1352 569 1416; x_wconf 92' lang='lat' dir='ltr'><strong>Nub.</strong></span> <span class='ocrx_word' id='word_1_52' title='bbox 597 1355 692 1417; x_wconf 87' lang='grc'><strong>1264.</strong></span> 
     </span>
    </p>

    <p class='ocr_par' dir='ltr' id='par_1_5' title="bbox 216 1462 1335 1664">
     <span class='ocr_line' id='line_1_8' title="bbox 260 1462 1335 1549; baseline -0.001 -21"><span class='ocrx_word' id='word_1_53' title='bbox 260 1465 348 1545; x_wconf 77' lang='lat' dir='ltr'><strong>Quae</strong></span> <span class='ocrx_word' id='word_1_54' title='bbox 372 1488 442 1529; x_wconf 90' lang='lat' dir='ltr'><strong>cum</strong></span> <span class='ocrx_word' id='word_1_55' title='bbox 467 1467 511 1529; x_wconf 87' lang='lat' dir='ltr'><strong>ita</strong></span> <span class='ocrx_word' id='word_1_56' title='bbox 534 1467 597 1530; x_wconf 91' lang='lat' dir='ltr'><strong>sint</strong></span> <span class='ocrx_word' id='word_1_57' title='bbox 620 1465 731 1530; x_wconf 92' lang='lat' dir='ltr'><strong>dubito</strong></span> <span class='ocrx_word' id='word_1_58' title='bbox 754 1489 830 1529; x_wconf 91' lang='lat' dir='ltr'><strong>num</strong></span> <span class='ocrx_word' id='word_1_59' title='bbox 853 1488 958 1529; x_wconf 85' lang='lat' dir='ltr'><strong>revera</strong></span> <span class='ocrx_word' id='word_1_60' title='bbox 981 1464 1189 1549; x_wconf 83' lang='lat' dir='ltr'><strong>Euripideum</strong></span> <span class='ocrx_word' id='word_1_61' title='bbox 1212 1462 1335 1548; x_wconf 86' lang='lat' dir='ltr'><strong>Licym-</strong></span> 
     </span>
     <span class='ocr_line' id='line_1_9' title="bbox 216 1579 759 1664; baseline 0.002 -23"><span class='ocrx_word' id='word_1_62' title='bbox 216 1579 304 1642; x_wconf 91' lang='lat' dir='ltr'><strong>nium</strong></span> <span class='ocrx_word' id='word_1_63' title='bbox 328 1579 498 1663; x_wconf 80' lang='lat' dir='ltr'><strong>respexerit</strong></span> <span class='ocrx_word' id='word_1_64' title='bbox 523 1579 759 1664; x_wconf 78' lang='lat' dir='ltr'><strong>Aristophanes.</strong></span> 
     </span>
    </p>

    <p class='ocr_par' dir='ltr' id='par_1_6' title="bbox 214 1690 1342 2340">
     <span class='ocr_line' id='line_1_10' title="bbox 259 1690 1336 1776; baseline -0.002 -22"><span class='ocrx_word' id='word_1_65' title='bbox 259 1690 473 1755; x_wconf 86' lang='lat' dir='ltr'><strong>Memorantur</strong></span> <span class='ocrx_word' id='word_1_66' title='bbox 496 1693 550 1755; x_wconf 91' lang='lat' dir='ltr'><strong>alii</strong></span> <span class='ocrx_word' id='word_1_67' title='bbox 573 1693 727 1776; x_wconf 90' lang='lat' dir='ltr'><strong>Licymnii</strong></span> <span class='ocrx_word' id='word_1_68' title='bbox 751 1700 823 1755; x_wconf 87' lang='lat' dir='ltr'><strong>tres.</strong></span> <span class='ocrx_word' id='word_1_69' title='bbox 849 1690 866 1753; x_wconf 91' lang='lat' dir='ltr'>I</span> <span class='ocrx_word' id='word_1_70' title='bbox 890 1690 1018 1768; x_wconf 84' lang='lat' dir='ltr'><strong>Rhetor,</strong></span> <span class='ocrx_word' id='word_1_71' title='bbox 1044 1690 1126 1754; x_wconf 87' lang='lat' dir='ltr'><strong>Plat.</strong></span> <span class='ocrx_word' id='word_1_72' title='bbox 1153 1690 1284 1754; x_wconf 89' lang='lat' dir='ltr'><strong>Phaedr.</strong></span> <span class='ocrx_word' id='word_1_73' title='bbox 1307 1713 1336 1775; x_wconf 91' lang='lat' dir='ltr'><strong>p.</strong></span> 
     </span>
     <span class='ocr_line' id='line_1_11' title="bbox 216 1804 1338 1889; baseline 0 -23"><span class='ocrx_word' id='word_1_74' title='bbox 216 1806 289 1867; x_wconf 86' lang='grc'><strong>267.</strong></span> <span class='ocrx_word' id='word_1_75' title='bbox 320 1806 376 1887; x_wconf 90' lang='lat' dir='ltr'><strong>qui</strong></span> <span class='ocrx_word' id='word_1_76' title='bbox 399 1805 545 1868; x_wconf 84' lang='lat' dir='ltr'><strong>excelluit</strong></span> <span class='ocrx_word' id='word_1_77' title='bbox 566 1806 654 1869; x_wconf 90' lang='lat' dir='ltr'><strong>novis</strong></span> <span class='ocrx_word' id='word_1_78' title='bbox 678 1806 848 1888; x_wconf 82' lang='lat' dir='ltr'><strong>figurarum</strong></span> <span class='ocrx_word' id='word_1_79' title='bbox 873 1812 904 1868; x_wconf 89' lang='lat' dir='ltr'><strong>et</strong></span> <span class='ocrx_word' id='word_1_80' title='bbox 927 1812 1088 1889; x_wconf 88' lang='lat' dir='ltr'><strong>troporum</strong></span> <span class='ocrx_word' id='word_1_81' title='bbox 1113 1804 1338 1867; x_wconf 88' lang='lat' dir='ltr'><strong>rhetoricorum</strong></span> 
     </span>
     <span class='ocr_line' id='line_1_12' title="bbox 214 1915 1336 2004; baseline 0 -26"><span class='ocrx_word' id='word_1_82' title='bbox 214 1915 393 1982; x_wconf 90' lang='lat' dir='ltr'><strong>nominibus</strong></span> <span class='ocrx_word' id='word_1_83' title='bbox 416 1919 625 2002; x_wconf 81' lang='lat' dir='ltr'><strong>excogitandis</strong></span> <span class='ocrx_word' id='word_1_84' title='bbox 651 1919 804 2004; x_wconf 77' lang='grc' dir='ltr'><em>(ὀνόματα</em></span> <span class='ocrx_word' id='word_1_85' title='bbox 828 1918 1032 2002; x_wconf 77' lang='grc' dir='ltr'><em>Λικυμνίοια).</em></span> <span class='ocrx_word' id='word_1_86' title='bbox 1059 1916 1094 1979; x_wconf 90' lang='lat' dir='ltr'><strong>Il</strong></span> <span class='ocrx_word' id='word_1_87' title='bbox 1113 1916 1210 1980; x_wconf 92' lang='lat' dir='ltr'><strong>Poeta</strong></span> <span class='ocrx_word' id='word_1_88' title='bbox 1229 1915 1336 1994; x_wconf 89' lang='lat' dir='ltr'><strong>Chius,</strong></span> 
     </span>
     <span class='ocr_line' id='line_1_13' title="bbox 216 2028 1342 2114; baseline 0 -23"><span class='ocrx_word' id='word_1_89' title='bbox 216 2029 290 2091; x_wconf 88' lang='lat' dir='ltr'><strong>Ath.</strong></span> <span class='ocrx_word' id='word_1_90' title='bbox 321 2028 406 2092; x_wconf 87' lang='lat' dir='ltr'>XIII</span> <span class='ocrx_word' id='word_1_91' title='bbox 429 2053 454 2092; x_wconf 89' lang='lat' dir='ltr'><strong>c.</strong></span> <span class='ocrx_word' id='word_1_92' title='bbox 482 2033 532 2108; x_wconf 83' lang='lat'><strong>17,</strong></span> <span class='ocrx_word' id='word_1_93' title='bbox 557 2054 586 2114; x_wconf 91' lang='lat' dir='ltr'><strong>p.</strong></span> <span class='ocrx_word' id='word_1_94' title='bbox 616 2034 688 2093; x_wconf 80' lang='grc'><strong>564.</strong></span> <span class='ocrx_word' id='word_1_95' title='bbox 714 2029 768 2093; x_wconf 92' lang='grc'><strong>111</strong></span> <span class='ocrx_word' id='word_1_96' title='bbox 791 2029 912 2094; x_wconf 88' lang='lat' dir='ltr'><strong>Histrio</strong></span> <span class='ocrx_word' id='word_1_97' title='bbox 938 2029 1092 2114; x_wconf 86' lang='lat' dir='ltr'><strong>Aeschyli,</strong></span> <span class='ocrx_word' id='word_1_98' title='bbox 1118 2028 1258 2114; x_wconf 91' lang='lat' dir='ltr'><strong>Alciphr.</strong></span> <span class='ocrx_word' id='word_1_99' title='bbox 1288 2028 1342 2091; x_wconf 89' lang='grc' dir='ltr'><strong>ΙΙΙ</strong></span> 
     </span>
     <span class='ocr_line' id='line_1_14' title="bbox 217 2136 1341 2219; baseline 0 -16"><span class='ocrx_word' id='word_1_100' title='bbox 217 2144 269 2203; x_wconf 87' lang='grc'><strong>48.</strong></span> <span class='ocrx_word' id='word_1_101' title='bbox 298 2145 325 2204; x_wconf 92' lang='grc'><strong>1.</strong></span> <span class='ocrx_word' id='word_1_102' title='bbox 355 2142 415 2206; x_wconf 87' lang='lat' dir='ltr'><strong>Sed</strong></span> <span class='ocrx_word' id='word_1_103' title='bbox 439 2142 549 2207; x_wconf 90' lang='lat' dir='ltr'><strong>horum</strong></span> <span class='ocrx_word' id='word_1_104' title='bbox 574 2136 695 2207; x_wconf 81' lang='lat' dir='ltr'><strong>nulliu‘s</strong></span> <span class='ocrx_word' id='word_1_105' title='bbox 718 2142 776 2206; x_wconf 86' lang='lat' dir='ltr'><strong>hoc</strong></span> <span class='ocrx_word' id='word_1_106' title='bbox 800 2143 868 2206; x_wconf 87' lang='lat' dir='ltr'><strong>loco</strong></span> <span class='ocrx_word' id='word_1_107' title='bbox 894 2143 972 2206; x_wconf 89' lang='lat' dir='ltr'><strong>ratio</strong></span> <span class='ocrx_word' id='word_1_108' title='bbox 995 2142 1138 2206; x_wconf 87' lang='lat' dir='ltr'><strong>habenda</strong></span> <span class='ocrx_word' id='word_1_109' title='bbox 1161 2148 1216 2219; x_wconf 90' lang='lat' dir='ltr'><strong>est,</strong></span> <span class='ocrx_word' id='word_1_110' title='bbox 1239 2143 1283 2204; x_wconf 90' lang='lat' dir='ltr'><strong>ita</strong></span> <span class='ocrx_word' id='word_1_111' title='bbox 1304 2148 1341 2204; x_wconf 91' lang='lat' dir='ltr'><strong>ut</strong></span> 
     </span>
     <span class='ocr_line' id='line_1_15' title="bbox 214 2254 1111 2340; baseline 0.001 -23"><span class='ocrx_word' id='word_1_112' title='bbox 214 2276 339 2337; x_wconf 91' lang='lat' dir='ltr'><strong>prorsus</strong></span> <span class='ocrx_word' id='word_1_113' title='bbox 363 2254 529 2320; x_wconf 90' lang='lat' dir='ltr'><strong>obscurum</strong></span> <span class='ocrx_word' id='word_1_114' title='bbox 557 2258 598 2319; x_wconf 88' lang='lat' dir='ltr'><strong>sit</strong></span> <span class='ocrx_word' id='word_1_115' title='bbox 620 2256 696 2339; x_wconf 90' lang='lat' dir='ltr'><strong>quid</strong></span> <span class='ocrx_word' id='word_1_116' title='bbox 721 2255 855 2319; x_wconf 85' lang='lat' dir='ltr'><strong>voluerit</strong></span> <span class='ocrx_word' id='word_1_117' title='bbox 880 2255 1111 2340; x_wconf 87' lang='lat' dir='ltr'><strong>Aristophanes.</strong></span> 
     </span>
    </p>
   </div>
   <div class='ocr_carea' id='block_1_5' title="bbox 212 2512 1188 2934">
    <p class='ocr_par' dir='ltr' id='par_1_7' title="bbox 212 2512 1188 2934">
     <span class='ocr_line' id='line_1_16' title="bbox 212 2512 1001 2600; baseline -0.013 -13"><span class='ocrx_word' id='word_1_118' title='bbox 212 2525 267 2589; x_wconf 81' lang='lat' dir='ltr'><strong>Vs.</strong></span> <span class='ocrx_word' id='word_1_119' title='bbox 294 2513 399 2585; x_wconf 86' lang='grc'><strong>1244.</strong></span> <span class='ocrx_word' id='word_1_120' title='bbox 432 2518 496 2600; x_wconf 75' lang='grc' dir='ltr'><em>φέρ’</em></span> <span class='ocrx_word' id='word_1_121' title='bbox 521 2516 584 2590; x_wconf 88' lang='grc' dir='ltr'><em>ίδοι,</em></span> <span class='ocrx_word' id='word_1_122' title='bbox 608 2515 715 2596; x_wconf 79' lang='grc' dir='ltr'><em>κότερα</em></span> <span class='ocrx_word' id='word_1_123' title='bbox 739 2516 834 2579; x_wconf 83' lang='grc' dir='ltr'><em>Λυδὸν</em></span> <span class='ocrx_word' id='word_1_124' title='bbox 856 2513 873 2588; x_wconf 67' lang='lat' dir='ltr'><strong>d</strong></span> <span class='ocrx_word' id='word_1_125' title='bbox 899 2512 1001 2594; x_wconf 73' lang='grc' dir='ltr'><em>Φρύγα</em></span> 
     </span>
     <span class='ocr_line' id='line_1_17' title="bbox 258 2628 813 2701; baseline -0.02 0"><span class='ocrx_word' id='word_1_126' title='bbox 258 2637 382 2701; x_wconf 85' lang='lat' dir='ltr'><strong>Imitari</strong></span> <span class='ocrx_word' id='word_1_127' title='bbox 407 2633 531 2697; x_wconf 89' lang='lat' dir='ltr'><strong>videtur</strong></span> <span class='ocrx_word' id='word_1_128' title='bbox 553 2631 629 2694; x_wconf 77' lang='lat' dir='ltr'><strong>Eur.</strong></span> <span class='ocrx_word' id='word_1_129' title='bbox 655 2628 723 2692; x_wconf 84' lang='lat' dir='ltr'><strong>Alo.</strong></span> <span class='ocrx_word' id='word_1_130' title='bbox 750 2628 813 2692; x_wconf 81' lang='lat'><strong>675</strong></span> 
     </span>
     <span class='ocr_line' id='line_1_18' title="bbox 437 2737 1188 2821; baseline -0.009 -12"><span class='ocrx_word' id='word_1_131' title='bbox 437 2742 457 2810; x_wconf 78' lang='grc' dir='ltr'><strong><em>ὦ</em></strong></span> <span class='ocrx_word' id='word_1_132' title='bbox 481 2751 548 2817; x_wconf 86' lang='grc' dir='ltr'><em>σαῖ,</em></span> <span class='ocrx_word' id='word_1_133' title='bbox 573 2743 626 2808; x_wconf 80' lang='grc' dir='ltr'><em>τίν’</em></span> <span class='ocrx_word' id='word_1_134' title='bbox 651 2743 768 2821; x_wconf 82' lang='grc' dir='ltr'><em>αὐχεῖς,</em></span> <span class='ocrx_word' id='word_1_135' title='bbox 794 2740 901 2821; x_wconf 83' lang='grc' dir='ltr'><em>νιόνερα</em></span> <span class='ocrx_word' id='word_1_136' title='bbox 924 2740 1019 2804; x_wconf 81' lang='grc' dir='ltr'><em>Λυδὸν</em></span> <span class='ocrx_word' id='word_1_137' title='bbox 1043 2737 1059 2812; x_wconf 80' lang='grc' dir='ltr'>ἢ</span> <span class='ocrx_word' id='word_1_138' title='bbox 1086 2737 1188 2819; x_wconf 74' lang='grc' dir='ltr'><em>Φρύγα</em></span> 
     </span>
     <span class='ocr_line' id='line_1_19' title="bbox 433 2852 1026 2934; baseline -0.013 -11"><span class='ocrx_word' id='word_1_139' title='bbox 433 2864 535 2928; x_wconf 78' lang='grc' dir='ltr'><em>κοινοῖς</em></span> <span class='ocrx_word' id='word_1_140' title='bbox 558 2854 685 2920; x_wconf 78' lang='grc' dir='ltr'><em>ἐλαύνειν</em></span> <span class='ocrx_word' id='word_1_141' title='bbox 708 2854 906 2934; x_wconf 71' lang='grc' dir='ltr'><em>οῖρνυρόνκνον</em></span> <span class='ocrx_word' id='word_1_142' title='bbox 930 2852 1026 2927; x_wconf 75' lang='grc' dir='ltr'><em>σε’όενς</em></span> 
     </span>
    </p>
   </div>
   <div class='ocr_carea' id='block_1_6' title="bbox 215 3111 1157 3420">
    <p class='ocr_par' dir='ltr' id='par_1_8' title="bbox 215 3111 1157 3420">
     <span class='ocr_line' id='line_1_20' title="bbox 215 3111 1091 3199; baseline -0.011 -15"><span class='ocrx_word' id='word_1_143' title='bbox 215 3123 267 3186; x_wconf 85' lang='lat' dir='ltr'><strong>Vs.</strong></span> <span class='ocrx_word' id='word_1_144' title='bbox 294 3113 399 3182; x_wconf 77' lang='lat'><strong>1246.</strong></span> <span class='ocrx_word' id='word_1_145' title='bbox 432 3113 475 3199; x_wconf 79' lang='grc' dir='ltr'><em>αἶρ’</em></span> <span class='ocrx_word' id='word_1_146' title='bbox 500 3111 566 3181; x_wconf 76' lang='grc' dir='ltr'><em>οἶσθ’</em></span> <span class='ocrx_word' id='word_1_147' title='bbox 590 3114 632 3179; x_wconf 80' lang='grc' dir='ltr'><strong>ότι</strong></span> <span class='ocrx_word' id='word_1_148' title='bbox 657 3115 728 3185; x_wconf 83' lang='grc' dir='ltr'><em>Ζεὺς</em></span> <span class='ocrx_word' id='word_1_149' title='bbox 752 3112 779 3177; x_wconf 86' lang='grc' dir='ltr'><strong>εί</strong></span> <span class='ocrx_word' id='word_1_150' title='bbox 798 3138 839 3190; x_wconf 85' lang='grc' dir='ltr'><strong>με</strong></span> <span class='ocrx_word' id='word_1_151' title='bbox 860 3115 984 3186; x_wconf 71' lang='grc' dir='ltr'><em>λυπήσει</em></span> <span class='ocrx_word' id='word_1_152' title='bbox 1007 3112 1091 3192; x_wconf 83' lang='grc' dir='ltr'><em>νιὲρα,</em></span> 
     </span>
     <span class='ocr_line' id='line_1_21' title="bbox 434 3224 1157 3309; baseline -0.008 -15"><span class='ocrx_word' id='word_1_153' title='bbox 434 3230 567 3309; x_wconf 78' lang='grc' dir='ltr'><em>μέλαθρα</em></span> <span class='ocrx_word' id='word_1_154' title='bbox 593 3228 647 3305; x_wconf 81' lang='grc' dir='ltr'><strong>μὲν</strong></span> <span class='ocrx_word' id='word_1_155' title='bbox 671 3229 762 3290; x_wconf 81' lang='grc' dir='ltr'><em>αὐτοῦ</em></span> <span class='ocrx_word' id='word_1_156' title='bbox 786 3225 838 3289; x_wconf 80' lang='grc' dir='ltr'><em>καί</em></span> <span class='ocrx_word' id='word_1_157' title='bbox 863 3225 969 3302; x_wconf 89' lang='grc' dir='ltr'><em>δόμους</em></span> <span class='ocrx_word' id='word_1_158' title='bbox 993 3224 1157 3305; x_wconf 93' lang='grc' dir='ltr'><em>Ἀμφίονος</em></span> 
     </span>
     <span class='ocr_line' id='line_1_22' title="bbox 436 3339 981 3420; baseline -0.011 -13"><span class='ocrx_word' id='word_1_159' title='bbox 436 3341 649 3408; x_wconf 80' lang='grc' dir='ltr'><em>κασαιίαλόσοι</em></span> <span class='ocrx_word' id='word_1_160' title='bbox 674 3344 852 3420; x_wconf 79' lang='grc' dir='ltr'><em>πυρφόροισιν</em></span> <span class='ocrx_word' id='word_1_161' title='bbox 875 3339 981 3411; x_wconf 79' lang='grc' dir='ltr'><em>οόεσοῖς.</em></span> 
     </span>
    </p>
   </div>
   <div class='ocr_carea' id='block_1_7' title="bbox 136 3470 1337 4343">
    <p class='ocr_par' dir='ltr' id='par_1_9' title="bbox 136 3470 1337 4343">
     <span class='ocr_line' id='line_1_23' title="bbox 141 3470 1336 3556; baseline -0.01 -9"><span class='ocrx_word' id='word_1_162' title='bbox 141 3504 143 3508; x_wconf 92' lang='grc'><strong><em>·</em></strong></span> <span class='ocrx_word' id='word_1_163' title='bbox 259 3484 363 3547; x_wconf 86' lang='lat' dir='ltr'><strong>Schol.</strong></span> <span class='ocrx_word' id='word_1_164' title='bbox 396 3480 448 3544; x_wconf 79' lang='grc' dir='ltr'><em>καί</em></span> <span class='ocrx_word' id='word_1_165' title='bbox 472 3479 577 3556; x_wconf 78' lang='grc' dir='ltr'><em>δόμους</em></span> <span class='ocrx_word' id='word_1_166' title='bbox 600 3477 782 3556; x_wconf 77' lang='grc' dir='ltr'><em>Ἀμφίονοςι</em></span> <span class='ocrx_word' id='word_1_167' title='bbox 805 3474 860 3538; x_wconf 83' lang='grc' dir='ltr'><strong>Ἐκ</strong></span> <span class='ocrx_word' id='word_1_168' title='bbox 884 3473 998 3551; x_wconf 77' lang='grc' dir='ltr'><em>Νιόβης</em></span> <span class='ocrx_word' id='word_1_169' title='bbox 1021 3473 1184 3553; x_wconf 72' lang='grc' dir='ltr'><em>Αἰσχύλου.</em></span> <span class='ocrx_word' id='word_1_170' title='bbox 1211 3470 1336 3553; x_wconf 77' lang='grc' dir='ltr'><em>ἕξὲρριιι-</em></span> 
     </span>
     <span class='ocr_line' id='line_1_24' title="bbox 213 3587 1337 3672; baseline -0.014 -10"><span class='ocrx_word' id='word_1_171' title='bbox 213 3621 261 3662; x_wconf 85' lang='grc' dir='ltr'><em>σαι</em></span> <span class='ocrx_word' id='word_1_172' title='bbox 293 3597 324 3661; x_wconf 86' lang='grc' dir='ltr'><strong>δὲ</strong></span> <span class='ocrx_word' id='word_1_173' title='bbox 354 3596 386 3658; x_wconf 78' lang='grc' dir='ltr'><strong>τό</strong></span> <span class='ocrx_word' id='word_1_174' title='bbox 416 3592 579 3672; x_wconf 76' lang='grc' dir='ltr'><em>Ἀμφίονος</em></span> <span class='ocrx_word' id='word_1_175' title='bbox 611 3591 644 3654; x_wconf 82' lang='grc' dir='ltr'><strong>ἐκ</strong></span> <span class='ocrx_word' id='word_1_176' title='bbox 668 3589 820 3669; x_wconf 72' lang='grc' dir='ltr'><em>μονῳδίας.</em></span> <span class='ocrx_word' id='word_1_177' title='bbox 847 3587 972 3650; x_wconf 82' lang='lat' dir='ltr'><strong>Herm:</strong></span> <span class='ocrx_word' id='word_1_178' title='bbox 997 3587 1166 3668; x_wconf 84' lang='grc' dir='ltr'><em>ε’νὲρρασσαι</em></span> <span class='ocrx_word' id='word_1_179' title='bbox 1189 3592 1221 3648; x_wconf 89' lang='lat' dir='ltr'><strong>et</strong></span> <span class='ocrx_word' id='word_1_180' title='bbox 1244 3609 1337 3665; x_wconf 81' lang='grc' dir='ltr'><em>παρῳ-</em></span> 
     </span>
     <span class='ocr_line' id='line_1_25' title="bbox 213 3699 1336 3790; baseline -0.012 -16"><span class='ocrx_word' id='word_1_181' title='bbox 213 3710 287 3782; x_wconf 83' lang='grc' dir='ltr'><em>δίας.</em></span> <span class='ocrx_word' id='word_1_182' title='bbox 312 3707 391 3771; x_wconf 76' lang='grc' dir='ltr'><em>Ουιιι</em></span> <span class='ocrx_word' id='word_1_183' title='bbox 416 3706 506 3790; x_wconf 84' lang='lat' dir='ltr'><strong>plura</strong></span> <span class='ocrx_word' id='word_1_184' title='bbox 526 3704 556 3768; x_wconf 88' lang='lat' dir='ltr'><strong>h.</strong></span> <span class='ocrx_word' id='word_1_185' title='bbox 580 3703 600 3766; x_wconf 89' lang='lat' dir='ltr'><strong>l.</strong></span> <span class='ocrx_word' id='word_1_186' title='bbox 625 3700 802 3785; x_wconf 87' lang='lat' dir='ltr'><strong>tragoediae</strong></span> <span class='ocrx_word' id='word_1_187' title='bbox 822 3700 1003 3780; x_wconf 88' lang='lat' dir='ltr'><strong>debeantur,</strong></span> <span class='ocrx_word' id='word_1_188' title='bbox 1025 3699 1156 3763; x_wconf 91' lang='lat' dir='ltr'><strong>coniecit</strong></span> <span class='ocrx_word' id='word_1_189' title='bbox 1175 3699 1336 3762; x_wconf 86' lang='lat' dir='ltr'><strong>Hermann</strong></span> 
     </span>
     <span class='ocr_line' id='line_1_26' title="bbox 213 3811 1335 3908; baseline -0.012 -22"><span class='ocrx_word' id='word_1_190' title='bbox 213 3846 261 3908; x_wconf 88' lang='lat' dir='ltr'><strong>ap.</strong></span> <span class='ocrx_word' id='word_1_191' title='bbox 293 3820 407 3904; x_wconf 83' lang='lat' dir='ltr'><strong>Wagn.</strong></span> <span class='ocrx_word' id='word_1_192' title='bbox 440 3820 476 3882; x_wconf 88' lang='lat' dir='ltr'><strong>fr.</strong></span> <span class='ocrx_word' id='word_1_193' title='bbox 506 3817 600 3881; x_wconf 92' lang='lat' dir='ltr'><strong>Niob.</strong></span> <span class='ocrx_word' id='word_1_194' title='bbox 624 3814 700 3892; x_wconf 83' lang='lat' dir='ltr'><strong>VH,</strong></span> <span class='ocrx_word' id='word_1_195' title='bbox 730 3815 900 3898; x_wconf 88' lang='lat' dir='ltr'><strong>Aeschyleo</strong></span> <span class='ocrx_word' id='word_1_196' title='bbox 929 3812 1071 3893; x_wconf 84' lang='lat' dir='ltr'><strong>Tantalo,</strong></span> <span class='ocrx_word' id='word_1_197' title='bbox 1100 3811 1216 3876; x_wconf 91' lang='lat' dir='ltr'><strong>Niobes</strong></span> <span class='ocrx_word' id='word_1_198' title='bbox 1243 3812 1335 3896; x_wconf 89' lang='lat' dir='ltr'><strong>patri,</strong></span> 
     </span>
     <span class='ocr_line' id='line_1_27' title="bbox 213 3926 1337 4008; baseline -0.012 -9"><span class='ocrx_word' id='word_1_199' title='bbox 213 3934 395 3998; x_wconf 90' lang='lat' dir='ltr'><strong>tribuendos</strong></span> <span class='ocrx_word' id='word_1_200' title='bbox 425 3954 491 3996; x_wconf 88' lang='lat' dir='ltr'><strong>esse</strong></span> <span class='ocrx_word' id='word_1_201' title='bbox 521 3953 580 3993; x_wconf 85' lang='lat' dir='ltr'><strong>vss.</strong></span> <span class='ocrx_word' id='word_1_202' title='bbox 614 3930 831 3991; x_wconf 85' lang='grc'><strong>1238-1240</strong></span> <span class='ocrx_word' id='word_1_203' title='bbox 862 3935 894 3989; x_wconf 91' lang='lat' dir='ltr'><strong>et</strong></span> <span class='ocrx_word' id='word_1_204' title='bbox 926 3929 1021 4005; x_wconf 86' lang='grc'><strong>1247,</strong></span> <span class='ocrx_word' id='word_1_205' title='bbox 1058 3928 1153 4001; x_wconf 85' lang='grc'><strong>1248,</strong></span> <span class='ocrx_word' id='word_1_206' title='bbox 1185 3947 1262 4008; x_wconf 91' lang='lat' dir='ltr'><strong>quos</strong></span> <span class='ocrx_word' id='word_1_207' title='bbox 1292 3926 1337 3986; x_wconf 87' lang='lat' dir='ltr'><strong>ita</strong></span> 
     </span>
     <span class='ocr_line' id='line_1_28' title="bbox 213 4035 1333 4125; baseline -0.011 -14"><span class='ocrx_word' id='word_1_208' title='bbox 213 4047 370 4111; x_wconf 87' lang='lat' dir='ltr'><strong>restituit:</strong></span> <span class='ocrx_word' id='word_1_209' title='bbox 394 4046 482 4116; x_wconf 81' lang='grc' dir='ltr'><em>αὐτὸς</em></span> <span class='ocrx_word' id='word_1_210' title='bbox 505 4044 536 4107; x_wconf 82' lang='grc' dir='ltr'><strong>δὲ</strong></span> <span class='ocrx_word' id='word_1_211' title='bbox 560 4041 695 4121; x_wconf 74' lang='grc' dir='ltr'><em>μέλαθρα</em></span> <span class='ocrx_word' id='word_1_212' title='bbox 718 4039 769 4104; x_wconf 82' lang='grc' dir='ltr'><em>καῖ</em></span> <span class='ocrx_word' id='word_1_213' title='bbox 790 4041 896 4117; x_wconf 87' lang='grc' dir='ltr'><em>δόμους</em></span> <span class='ocrx_word' id='word_1_214' title='bbox 914 4037 1078 4118; x_wconf 83' lang='grc' dir='ltr'><em>Ἀμφίονος</em></span> <span class='ocrx_word' id='word_1_215' title='bbox 1099 4035 1104 4125; x_wconf 68' lang='lat' dir='ltr'><strong>l</strong></span> <span class='ocrx_word' id='word_1_216' title='bbox 1124 4037 1333 4116; x_wconf 75' lang='grc' dir='ltr'><em>κασαιίαιιόσρ</em></span> 
     </span>
     <span class='ocr_line' id='line_1_29' title="bbox 213 4148 1332 4240; baseline -0.013 -17"><span class='ocrx_word' id='word_1_217' title='bbox 213 4158 393 4240; x_wconf 80' lang='grc' dir='ltr'><em>πυρφόροισιν</em></span> <span class='ocrx_word' id='word_1_218' title='bbox 427 4158 534 4226; x_wconf 78' lang='grc' dir='ltr'><em>οὶεσοῖς.</em></span> <span class='ocrx_word' id='word_1_219' title='bbox 568 4154 634 4216; x_wconf 93' lang='lat' dir='ltr'><strong>Alii</strong></span> <span class='ocrx_word' id='word_1_220' title='bbox 665 4153 766 4216; x_wconf 87' lang='lat' dir='ltr'><strong>aliter.</strong></span> <span class='ocrx_word' id='word_1_221' title='bbox 798 4151 844 4215; x_wconf 81' lang='lat' dir='ltr'><strong>Ol.</strong></span> <span class='ocrx_word' id='word_1_222' title='bbox 875 4149 1031 4214; x_wconf 84' lang='lat' dir='ltr'><strong>Welcker.</strong></span> <span class='ocrx_word' id='word_1_223' title='bbox 1063 4149 1173 4212; x_wconf 92' lang='lat' dir='ltr'><strong>Aesch.</strong></span> <span class='ocrx_word' id='word_1_224' title='bbox 1205 4148 1269 4211; x_wconf 91' lang='lat' dir='ltr'><strong>tril.</strong></span> <span class='ocrx_word' id='word_1_225' title='bbox 1302 4169 1332 4231; x_wconf 91' lang='lat' dir='ltr'><strong>p.</strong></span> 
     </span>
     <span class='ocr_line' id='line_1_30' title="bbox 136 4252 1335 4343; baseline -0.01 -8"><span class='ocrx_word' id='word_1_226' title='bbox 136 4252 139 4258; x_wconf 87' lang='lat'><strong>.</strong></span> <span class='ocrx_word' id='word_1_227' title='bbox 215 4274 288 4334; x_wconf 85' lang='grc'><strong>344.</strong></span> <span class='ocrx_word' id='word_1_228' title='bbox 323 4270 396 4334; x_wconf 89' lang='lat' dir='ltr'><strong>Non</strong></span> <span class='ocrx_word' id='word_1_229' title='bbox 431 4275 557 4332; x_wconf 90' lang='lat' dir='ltr'><strong>tantum</strong></span> <span class='ocrx_word' id='word_1_230' title='bbox 588 4266 649 4329; x_wconf 88' lang='lat' dir='ltr'><strong>tria</strong></span> <span class='ocrx_word' id='word_1_231' title='bbox 681 4264 772 4329; x_wconf 89' lang='lat' dir='ltr'><strong>verba</strong></span> <span class='ocrx_word' id='word_1_232' title='bbox 801 4264 852 4328; x_wconf 82' lang='grc' dir='ltr'><em>καί</em></span> <span class='ocrx_word' id='word_1_233' title='bbox 884 4263 989 4340; x_wconf 89' lang='grc' dir='ltr'><em>δόμους</em></span> <span class='ocrx_word' id='word_1_234' title='bbox 1019 4262 1183 4343; x_wconf 87' lang='grc' dir='ltr'><em>Ἀμφίονος</em></span> <span class='ocrx_word' id='word_1_235' title='bbox 1214 4261 1267 4325; x_wconf 91' lang='lat' dir='ltr'><strong>sed</strong></span> <span class='ocrx_word' id='word_1_236' title='bbox 1292 4284 1335 4323; x_wconf 95' lang='lat' dir='ltr'><strong>se·</strong></span> 
     </span>
    </p>
   </div>
   <div class='ocr_carea' id='block_1_8' title="bbox 214 4374 1193 4468">
    <p class='ocr_par' dir='ltr' id='par_1_10' title="bbox 214 4374 1193 4468">
     <span class='ocr_line' id='line_1_31' title="bbox 214 4374 1193 4468; baseline -0.011 -21"><span class='ocrx_word' id='word_1_237' title='bbox 214 4383 342 4468; x_wconf 87' lang='lat' dir='ltr'><strong>quentia</strong></span> <span class='ocrx_word' id='word_1_238' title='bbox 362 4382 456 4445; x_wconf 89' lang='lat' dir='ltr'><strong>etiam</strong></span> <span class='ocrx_word' id='word_1_239' title='bbox 479 4403 496 4443; x_wconf 92' lang='lat' dir='ltr'><strong>e</strong></span> <span class='ocrx_word' id='word_1_240' title='bbox 519 4378 679 4463; x_wconf 87' lang='lat' dir='ltr'><strong>tragoedia</strong></span> <span class='ocrx_word' id='word_1_241' title='bbox 701 4378 839 4441; x_wconf 88' lang='lat' dir='ltr'><strong>derivata</strong></span> <span class='ocrx_word' id='word_1_242' title='bbox 861 4400 926 4440; x_wconf 92' lang='lat' dir='ltr'><strong>esse</strong></span> <span class='ocrx_word' id='word_1_243' title='bbox 949 4374 1113 4439; x_wconf 88' lang='lat' dir='ltr'><strong>verisimile</strong></span> <span class='ocrx_word' id='word_1_244' title='bbox 1137 4381 1193 4437; x_wconf 87' lang='lat' dir='ltr'><strong>est.</strong></span> 
     </span>
    </p>
   </div>
   <div class='ocr_carea' id='block_1_9' title="bbox 0 0 1614 5370">
    <p class='ocr_par' dir='ltr' id='par_1_11' title="bbox 0 0 1614 5370">
     <span class='ocr_line' id='line_1_32' title="bbox 0 0 1614 5370; baseline 0 1"><span class='ocrx_word' id='word_1_245' title='bbox 0 0 1614 5370; x_wconf 95' lang='lat' dir='ltr'><strong> </strong></span> 
     </span>
    </p>
   </div>
  </div>
 </body>
</html>
