3218 5370
293 659 333 718 14
710 672 942 717 remansisses.

267 850 320 915 Vs.
345 843 426 914 440.
481 852 528 915 δεῖ
547 851 604 932 wip
627 874 666 928 με
690 849 770 925 δόξαι
794 853 913 930 πτωχὸν
936 845 1006 914 εἶναι
1030 853 1169 931 τήμερον,

489 959 558 1028 εἶναι
582 965 637 1041 μὲν
659 963 744 1044 ὅσπερ
767 963 838 1040 εἰμὶ,
862 963 1023 1045 Φαίνεοθαο
1047 965 1077 1027 δὲ
1103 965 1155 1041 μη’.

314 1115 364 1178 Fr.
392 1116 467 1179 Eur.
501 1119 574 1178 600.
604 1116 705 1179 Schol.
736 1116 760 1179 oi
785 1115 833 1178 δύο
857 1115 954 1194 στίχοι
977 1110 1050 1178 οὗτοι
1073 1116 1105 1177 ἐκ
1129 1114 1271 1196 Τηλέφου
1296 1117 1371 1196 Εὐρν

269 1229 364 1292 πέδου.
390 1228 553 1292 Pertincnt
576 1229 613 1292 ad
637 1229 763 1291 initium
788 1228 974 1312 tragoediae.
1001 1227 1137 1308 Τήμερον
1160 1251 1223 1291 non
1242 1227 1280 1290 ab
1301 1227 1390 1291 111111-

268 1341 340 1426 pide
364 1341 515 1426 scriptum
537 1341 607 1404 fuit.

315 1453 367 1516 Vs.
404 1457 467 1516 442
503 1475 568 1537 sqq.
601 1454 721 1516 faciunt
756 1455 1012 1517 commentarium
1047 1455 1200 1517 comicum
1232 1477 1275 1516 vs.
1305 1456 1387 1517 441:

269 1565 495 1652 spectatoribus
529 1568 588 1631 erit
622 1567 647 1630 is
678 1567 732 1650 qui
762 1574 817 1644 est,
850 1567 1053 1652 Dicaeopolis,
1087 1567 1140 1630 sed
1174 1567 1286 1630 chorus
1318 1589 1389 1630 eum

270 1679 396 1744 habebit
425 1703 481 1766 pro
509 1680 657 1764 Telepho,
690 1682 709 1742 i.
735 1704 761 1742 e.
793 1703 848 1764 pro
879 1681 1004 1745 homine
1034 1681 1204 1745 miserrimo
1228 1680 1334 1743 codem
1359 1687 1391 1743 et

269 1793 440 1872 vaferrimo,
472 1793 561 1857 cuius
593 1792 757 1856 artificiosa
788 1793 881 1856 simul
911 1800 943 1855 44
966 1794 1193 1856 miserationem
1217 1793 1390 1856 excitatura

270 1907 410 1969 oratione
433 1906 572 1969 inimicos
594 1914 770 1990 permotum
787 1907 830 1968 'iri
856 1906 924 1970 Dic.
951 1914 1062 1991 sperat.

315 2019 334 2080 J
339 2067 344 2080 .
365 2041 424 2082 van
443 2017 605 2096 Lecuwen,
625 2023 660 2082 cle
678 2020 872 2100 Aristophane
893 2020 997 2101 llurip.
1019 2042 1140 2096 censore,
1160 2041 1190 2104 p.
1213 2021 1392 2104 1041111414

271 2155 313 2194 vs.
339 2134 402 2194 443
426 2131 519 2195 rideri
542 2131 671 2194 chorum
694 2131 901 2216 Euripideum
925 2155 942 2194 a
965 2132 1084 2214 reliqua
1107 2131 1267 2216 tragoedia
1291 2154 1388 2215 paene

270 2244 418 2324 alienum,
450 2243 533 2327 quod
563 2267 670 2307 verum
701 2250 747 2307 est
778 2244 804 2306 si
826 2243 968 2307 addimus
992 2244 1086 2307 rideri
1111 2244 1276 2308 choreutas
1299 2243 1389 2306 Euri·

231 2444 233 2450 Α
271 2357 354 2442 pidei
383 2357 522 2440 Telephi,
553 2357 606 2439 qui
639 2357 695 2419 uni
725 2354 902 2420 nesciebant
932 2357 981 2421 vel
1004 2380 1036 2420 se
1060 2357 1175 2420 nescire
1199 2354 1388 2420 simulabant

271 2472 341 2554 quis
364 2478 444 2534 esset
467 2470 628 2534 mendicus
648 2470 700 2534 ille
721 2469 867 2546 Graecus,
888 2469 972 2552 quod
990 2471 1050 2532 toti
1063 2470 1184 2532 theatro
1197 2476 1308 2532 notum
1322 2474 1388 2532 erat

271 2585 407 2669 ipsisque
438 2586 580 2668 ignotum
604 2607 668 2647 esse
691 2606 754 2646 non
777 2588 898 2667 poterat
922 2582 995 2665 quia
1018 2582 1082 2666 ipse
1107 2581 1263 2665 Telephus
1288 2603 1390 2645 coram

272 2698 415 2762 omnibus
438 2697 557 2760 dixerat
579 2720 610 2760 se
634 2703 732 2760 vestes
756 2701 953 2784 mutaturum
976 2718 1050 2758 esse.

273 2943 326 3007 Vs.
350 2935 419 3002 445
447 2967 513 3027 sqq.
582 2952 675 3023 πυκνῇ
698 2946 755 3023 wip
779 2945 877 3007 λεπτοὶ
901 2947 1029 3024 μηρηανρῐΙ
1052 2942 1141 3023 Φρενί.

290 3095 294 3108 ’
317 3094 403 3159 Haec
426 3118 488 3158 non
507 3119 523 3158 e
543 3097 623 3158 vitae
644 3095 816 3159 communis
835 3095 1061 3159 consuetudine
1082 3094 1164 3157 dicta
1185 3100 1389 3173 111114ςπυκνῇ

272 3209 362 3290 Φρενί.
392 3210 468 3272 Eur.
500 3208 569 3292 Iph.
603 3209 676 3271 Aul.
703 3209 753 3270 67.
779 3208 945 3293 Euripides
971 3208 1019 3290 (cf.
1045 3206 1083 3269 ad
1109 3207 1184 3288 410)
1208 3228 1263 3270 suo
1288 3206 1391 3268 utitur

273 3345 420 3386 sermone.
445 3322 592 3385 Eiusdem
616 3323 737 3405 generis
760 3328 851 3385 sunt:

318 3439 393 3499 449.
623 3432 740 3499 ἄπελθε
763 3434 867 3497 λαΐνων
890 3433 1044 3510 σταθμῶν.

273 3556 305 3612 44
327 3549 411 3632 quod
434 3549 576 3630 sequitur
599 3569 778 3631 responsum
804 3545 1049 3630 Dicaeopolidis:
1087 3601 1091 3612 ,

318 3664 393 3724 450.
491 3656 511 3723 ὦ
533 3659 609 3738 θύμ’
633 3661 698 3741 ὁρᾷς
720 3659 778 3743 γὰρ
801 3661 837 3730 ὡς
861 3657 1041 3734 ἀπωθοῦμαι
1064 3656 1167 3733 δόμων.

274 3775 320 3839 Of.
346 3773 477 3839 Nauck..
495 3775 531 3837 fr.
555 3775 657 3857 adesp.
684 3774 735 3835 27.

318 3892 393 3951 454.
439 3888 470 3952 ἀ’
490 3889 527 3960 δ’,
552 3884 572 3950 ὦ
596 3887 703 3960 ποὶλας,
729 3887 761 3949 σὲ
784 3886 862 3950 τοῦδ’
888 3883 951 3962 ἔχει
975 3883 1098 3954 πλέκους
1122 3881 1224 3962 χρέος;

274 4001 312 4066 dc
335 4024 396 4085 quo
421 3976 521 4064 Schol.
546 3999 598 4064 uxi
622 4004 705 4064 τοῦτο
728 3998 808 4078 παρὲο
830 3997 870 4060 πα
890 3999 922 4061 ἐκ
940 3995 1083 4075 Τηλέφου
1102 3994 1258 4075 Εὐριπίδου
1277 3994 1335 4066 „rt
1353 3995 1388 4066 δ’,

274 4110 303 4209 ὦΙ
324 4113 431 4186 πάλας,
462 4114 497 4176 σὺ
527 4114 600 4193 τῷδε
630 4109 790 4176 πείθεσθαι
822 4107 961 4187 μέλλεις”
996 4108 1047 4191 (Ν.
1074 4107 1388 4191 μελῇς44111ρ41114,

273 4224 310 4287 fr.
333 4227 416 4308 714),
437 4225 520 4288 unde
540 4232 645 4287 tamen
662 4244 726 4287 non
745 4228 873 4306 apparet
892 4221 978 4284 hunc
995 4219 1125 4303 Telephi
1141 4241 1263 4283 versum
1277 4225 1391 4302 poetae

273 4359 378 4400 revera
399 4344 471 4401 ante
495 4336 601 4401 oculos
618 4333 813 4399 obversatum
833 4356 907 4398 esse.
928 4332 1008 4396 Poll.
1030 4331 1069 4409 X,
1092 4335 1149 4395 92:
1170 4331 1277 4404 πλέκος
1301 4329 1392 4403 εἴρηκε

274 4451 517 4530 παραπρανορδῶν.
542 4448 674 4525 Locutio
697 4445 761 4527 ἔχει
783 4471 817 4511 οε
838 4447 922 4528 χρέος
946 4446 1063 4530 tragica
1085 4452 1142 4509 est.
