3218 5370
307 645 368 706 124
662 661 1015 705 suranoruourazusan.

281 827 371 890 docet
405 827 637 911 Aristophanes,
670 827 725 912 qui
754 848 817 888 non
847 826 938 888 modo
969 826 1054 889 πέδον
1085 826 1163 908 legit
1185 827 1237 888 sed
1261 825 1402 888 consulto

283 938 499 1002 difficultatem
534 939 622 1000 auxit
656 937 748 1000 verbo
779 937 856 1014 γόοις
886 936 1106 1000 substituendo
1137 938 1218 1000 λεών.
1250 936 1401 999 Consulto

281 1051 374 1113 etiam
405 1058 509 1123 λευκῆς
533 1073 603 1113 oum
628 1050 780 1127 Αἰγύπτου
803 1050 918 1126 iunxit,
943 1050 1016 1135 quia
1040 1052 1183 1133 Aegypto
1208 1056 1289 1111 terra
1312 1049 1402 1132 nigra

281 1184 394 1224 nomen
418 1169 493 1224 erat.

282 1361 336 1425 Vs.
362 1354 432 1422 859
457 1383 522 1446 sqq.
554 1358 669 1423 Versus
693 1365 815 1441 tantum
839 1382 902 1422 non
926 1360 1111 1423 verbotenus
1134 1382 1170 1422 ex
1190 1360 1266 1422 Eur.
1281 1358 1402 1422 Helena

283 1474 408 1558 repetiti
439 1480 523 1536 sunt.
558 1471 611 1534 Vs.
645 1475 707 1534 859
732 1496 776 1557 sq.
802 1495 839 1534 ex
864 1472 933 1535 Hel.
963 1475 1002 1534 16
1027 1495 1088 1557 sq.;
1113 1495 1154 1534 vs.
1182 1475 1245 1533 868
1270 1495 1306 1533 ex
1330 1471 1402 1534 Hel.

197 1659 201 1664 .
286 1591 345 1663 223
380 1609 422 1648 vs.
455 1588 518 1646 864
549 1607 593 1670 sq.
626 1607 662 1646 ea
693 1585 763 1647 Hel.
799 1588 837 1646 52
870 1608 930 1670 sq.;
964 1608 1006 1646 vs.
1034 1588 1095 1645 866
1119 1606 1156 1645 ex
1180 1583 1251 1646 Hcl.
1278 1587 1336 1660 493
1360 1607 1402 1646 vs.

286 1701 348 1760 868
374 1720 411 1759 ex
435 1696 506 1759 Hel.
535 1699 585 1758 56.

285 1883 338 1947 Vs.
365 1876 445 1947 870.
546 1882 589 1959 μὴ
613 1887 732 1960 ψεῦσον,
756 1876 776 1944 ὦ
801 1886 864 1953 Ζεῦ,
889 1889 942 1954 τῆς
965 1880 1099 1953 ἐπιούσης
1122 1881 1250 1952 ἐλπίδος.

330 1995 368 2057 In
403 1995 524 2057 Helena
559 1993 639 2055 nihil
670 1993 850 2055 huiusmodi
881 1995 1043 2076 reperitur.
1077 1992 1183 2055 Finxit
1215 1992 1289 2054 baec
1312 1992 1404 2055 verba

288 2109 342 2170 Ar.
377 2106 414 2168 ad
438 2128 574 2168 normam
599 2106 676 2168 dicti
699 2104 783 2167 Pelei
809 2107 840 2167 in
864 2106 1000 2168 dramate
1016 2103 1195 2188 'Sophocleo
1218 2111 1261 2181 μῆ
1285 2109 1403 2183 ψεῦσον,

287 2215 307 2281 ὦ
340 2224 405 2290 Ζεῦ,
444 2218 485 2294 μή
519 2220 553 2295 μ’
583 2215 650 2297 ἕλος
679 2216 747 2280 ο7νεν
778 2219 862 2298 δορός,
887 2241 966 2304 quae
991 2217 1084 2280 dictio
1108 2240 1125 2279 a
1150 2217 1339 2280 Graecorum
1362 2217 1405 2278 lo·

288 2330 404 2412 quendi
444 2352 503 2392 usu
543 2329 643 2392 aliena
678 2338 724 2392 est
760 2336 791 2392 et
828 2353 895 2393 eam
932 2330 1029 2413 ipsam
1061 2330 1100 2392 ob
1129 2352 1252 2392 causam
1281 2328 1319 2392 ab
1349 2330 1403 2392 Ar.

290 2443 436 2525 carpitur.
460 2442 556 2504 Extat
578 2443 712 2505 alterum
731 2444 804 2505 talis
823 2443 999 2527 imperativi
1018 2443 1204 2526 exemplum,
1225 2443 1267 2520 μὴ
1281 2443 1405 2519 νόμισον,

287 2555 371 2641 quod
391 2555 424 2616 in
443 2555 578 2617 Antiatt.
603 2553 712 2631 Bekk„
736 2555 772 2616 fr.
799 2555 891 2638 Soph.
917 2558 979 2616 441
1007 2555 1044 2616 D.
1071 2558 1135 2616 454
1159 2553 1213 2633 Ν,
1237 2555 1330 2617 etiam
1354 2554 1406 2617 So·

287 2667 404 2752 phoclis
427 2666 520 2729 Peleo
544 2666 705 2729 tribuitur.
726 2667 830 2744 Recte,
850 2690 917 2729 meo
937 2667 1064 2744 iudici0,
1085 2666 1255 2729 arbitratur
1266 2665 1405 2729 Fritsche

287 2780 523 2862 grammaticum
554 2802 667 2841 errasse
703 2786 734 2840 et
765 2779 807 2855 μὴ
840 2779 953 2856 νόμισον
984 2780 1100 2842 comico
1131 2778 1308 2862 Thugenidi
1340 2802 1405 2841 esse

286 2891 489 2967 reddendum,
522 2897 559 2952 ut
586 2898 713 2974 apparet
736 2914 752 2952 0
776 2890 863 2952 Suid.
890 2891 971 2952 inv.
998 2891 1041 2968 μὴ
1065 2893 1178 2966 νόμισον
1203 2903 1234 2953 et
1257 2889 1349 2953 Pbot.
1373 2913 1403 2975 p.
1497 2965 1498 2971 ἵ

288 3004 361 3082 aer,
387 3008 416 3066 0.

287 3189 341 3253 Vs.
367 3182 447 3253 871.
549 3189 593 3260 τίς
616 3189 699 3252 τῶνδ’
724 3190 847 3268 ἕρνμνιῦν
871 3188 1014 3266 δωμοότοιν
1038 3186 1101 3266 ἔχει
1125 3190 1237 3268 κρότος,

554 3298 631 3373 ὅστις
653 3298 749 3374 ξένους
772 3299 887 3374 δέξοιντο
911 3301 1015 3380 ποντίῳ
1038 3300 1119 3379 σόλῳ

553 3413 721 3489 κοόμνοντοις
744 3415 772 3476 ἐν
796 3419 919 3491 χειμῶνι
943 3413 992 3476 κοιὶ
1016 3413 1188 3490 νοινοιοόοιιςς

333 3525 403 3589 Hel.
429 3529 469 3588 68
493 3526 537 3597 τίς
559 3563 604 3572 -
626 3524 737 3605 κρότος.
764 3523 836 3588 Duo
859 3526 1007 3611 postremi
1027 3548 1132 3587 versus
1153 3525 1186 3586 in
1206 3523 1326 3587 Helena
1344 3546 1406 3587 non

288 3640 448 3721 leguntur.
468 3638 588 3719 Enger:
610 3687 629 3714 „
640 3660 676 3700 ex
697 3638 857 3721 deperdita
876 3639 982 3724 aliqua
998 3637 1159 3722 Euripidis
1171 3635 1278 3700 fabula
1290 3636 1407 3721 sumpti

288 3751 393 3813 sunt.”
416 3749 504 3812 Idem
528 3751 703 3833 suspicatur
728 3750 851 3814 Nauck.
875 3752 911 3814 fr.
937 3752 985 3813 ad.
1011 3752 1063 3813 43.
1089 3751 1132 3812 Aa
1145 3749 1337 3834 probabilius
1349 3756 1406 3826 est,

288 3864 342 3925 Ar.
368 3863 423 3925 hos
447 3884 551 3924 versus
575 3863 698 3925 finxisse
722 3870 759 3925 ut
784 3885 825 3925 vs.
852 3863 925 3938 877,
953 3865 1015 3924 885
1042 3885 1106 3948 sqq.
1130 3861 1241 3925 Libere
1263 3862 1355 3939 enim,
1370 3867 1408 3924 ut

289 4000 305 4039 0
346 3977 573 4059 comparatione
617 3999 687 4039 oum
729 3977 851 4040 Helena
890 3977 993 4039 videre
1024 3984 1079 4053 est,
1112 3973 1250 4037 versibus
1282 3974 1408 4057 tragicis

290 4090 401 4164 utitur,
422 4088 557 4172 plurima
579 4090 644 4172 ipse
668 4090 796 4171 fingens.

289 4297 343 4361 Vs.
369 4290 439 4361 874
463 4320 527 4384 sqq.
552 4297 599 4358 Ex
621 4297 696 4360 Eur.
722 4296 851 4360 Helena.
874 4296 928 4360 Vs.
954 4298 1018 4359 874
1044 4297 1218 4359 conferatur
1240 4319 1310 4359 oum
1335 4295 1406 4358 Hel.

291 4414 373 4488 460;
407 4414 469 4474 878
502 4433 573 4474 cum
604 4411 676 4472 Hel.
709 4413 768 4472 461
804 4410 939 4492 (insolita
963 4410 1060 4472 forma
1084 4409 1189 4473 Ionica
1208 4409 1409 4485 πεπλώκαμεν
