3218 5370
755 586 872 630 aruer.
1285 571 1346 633 175

251 751 437 832 Asclepiades
467 752 498 813 ν’νο
529 751 752 832 θνωροθνιωνοονέε,
776 752 826 814 lib.
851 752 878 828 I,
903 751 959 828 or't,
982 752 1085 814 detuit
1107 773 1203 832 equor,
1227 774 1299 833 quor
1321 776 1367 816 or·

249 870 384 926 roerrerot
415 865 543 926 θωνκοκο
572 884 660 926 ceree
688 864 767 926 olere
796 862 943 945 (Servius,
976 886 1002 926 a.
1027 863 1057 925 h.
1082 863 1121 926 l.:
1163 888 1230 926 uem
1252 887 1302 927 ear
1326 888 1368 928 eo·

249 975 358 1038 drideret
386 999 405 1038 ο
437 975 515 1038 eor'te
545 982 579 1038 et
607 982 701 1038 erueret
723 976 885 1055 velociores)
911 997 967 1056 que
987 975 1122 1056 crepidine
1145 977 1177 1038 io
1199 978 1306 1040 boetem
1328 978 1369 1040 r'r·

249 1095 368 1150 ruerent
409 1094 438 1150 et
469 1088 662 1168 perniciosior
698 1087 795 1171 (lege:
831 1088 1007 1171 pernicius),
1044 1089 1138 1170 νῖροωκο
1173 1097 1270 1153 cotem
1305 1112 1369 1153 eom

249 1200 392 1262 alimento
414 1201 579 1282 deficerent,
603 1203 781 1264 (devorarent
804 1202 836 1263 r'rr
860 1202 940 1264 tedis
956 1202 1139 1286 funebribus
1163 1203 1297 1267 Pelr'oe.’'
1317 1202 1366 1268 Of.

248 1310 344 1374 Dind.
368 1311 404 1374 fr.
429 1309 479 1374 Gl.
503 1310 538 1374 P.
562 1311 651 1376 Idem
674 1312 736 1376 fere
759 1312 905 1397 Hyginus
928 1313 989 1377 fab.
1016 1317 1077 1377 250
1103 1322 1135 1378 et
1160 1317 1232 1380 273.

294 1422 396 1487 Verba
430 1425 574 1508 Aeschyli
605 1425 747 1488 imitatus
777 1432 823 1491 est
855 1426 1020 1512 Euripides
1051 1426 1169 1491 Phoen.
1204 1431 1289 1491 1194
1318 1432 1368 1513 (ex

249 1538 369 1601 emend.
401 1536 557 1621 Fritschii)
589 1537 731 1612 ἐθνκσκον,
761 1536 915 1613 ἐξέπιπτον
946 1539 1079 1617 οὶνπύγων
1110 1538 1169 1605 dero
1189 1538 1194 1629 1
1214 1542 1314 1620 τροχοί
1341 1543 1367 1605 ν)

248 1649 370 1724 ἐπήδων,
401 1647 501 1724 ἄξονες
532 1650 558 1714 δ’
581 1652 628 1714 ἐπ
651 1649 735 1726 ύξοσν
756 1650 760 1740 Ι
782 1651 868 1732 νεκροὶ
893 1653 924 1716 δε
948 1660 1049 1733 νεκροῖς
1072 1651 1261 1734 ἐξεσωρεύονθ’
1283 1655 1365 1732 ὁμοῦ.

249 1909 305 1974 Vs.
332 1903 438 1972 1425.
529 1913 613 1975 ποθεῖ
633 1912 688 1989 μὲν
711 1911 835 1992 ἐχθαίρει
858 1912 899 1985 δὲ,
924 1911 1063 1988 βούλεποω
1087 1911 1113 1976 δ’
1137 1911 1224 1991 ἐχειν.

293 2022 394 2086 Schol.
427 2022 508 2104 πκρθο
538 2023 578 2087 od
607 2025 640 2087 ἐκ
667 2029 724 2087 πῶν
753 2022 849 2094 Ἴωνος
875 2029 1009 2105 Φρονρῶν,
1035 2023 1103 2089 θπον
1127 2026 1143 2097 ἡ
1169 2023 1272 2098 ‘Ereto
1297 2026 1365 2104 πρὸς

247 2137 296 2200 τὸν
326 2134 477 2200 Ὀδνσσέκ
502 2134 594 2216 Quoi:
619 2142 690 2218 σιρρῖ
715 2138 778 2215 μὲν,
802 2138 927 2218 ἐχθωίρεν
951 2138 990 2210 δὲ,
1017 2137 1158 2214 {derideret
1174 2163 1211 2215 γε
1229 2138 1297 2215 μήν.
1320 2137 1367 2202 Cf.

249 2246 364 2311 Nauck
388 2247 424 2310 fr.
449 2246 518 2311 Ion.
544 2250 596 2310 44.

248 2493 301 2559 Vs.
328 2485 433 2558 1427.
458 2493 494 2557 E.
531 2498 609 2571 μισῶ,
630 2493 760 2572 πολίτων,
784 2492 861 2566 doure
884 2496 1009 2575 ὠφελεῖν
1032 2494 1148 2575 ποθπρων

448 2631 451 2638 ’
533 2607 645 2687 βρωθύς
668 2612 819 2687 φωνεῖποω,
841 2606 966 2685 μεγάλω
989 2608 1020 2671 δὲ
1045 2608 1193 2685 βλύππενν
1215 2609 1325 2688 πκχύς,

534 2719 585 2783 arri
609 2719 726 2800 πύρνμον
749 2720 839 2800 κύπῷ,
864 2728 900 2800 τῇ
924 2720 1005 2784 πόλει
1030 2721 1056 2784 δ’
1080 2721 1249 2799 οέμύχωνον.

245 2858 298 2922 Vs.
325 2851 429 2920 1431.
471 2857 504 2920 A.
529 2859 559 2921 ού
582 2856 640 2937 χρὴ
665 2857 777 2929 λέοντος
800 2857 927 2935 σκύμνον
950 2859 978 2922 ἐν
1003 2860 1084 2922 πόλει
1107 2857 1232 2940 τρέφειν·

534 2969 671 3046 μύλνσπκ
695 2969 749 3046 μὲν
773 2969 878 3034 λέονπω
903 2969 993 3047 μ1’ν
1018 2971 1099 3034 πόλει
1122 2971 1248 3051 τρέφειν·

534 3080 567 3155 ἢν
591 3080 616 3145 δ’
640 3083 773 3162 ἐκπρκφῇ
797 3106 851 3154 τις,
876 3089 937 3154 τοῖς
961 3081 1072 3163 πρύποος
1097 3083 1255 3163 ὑπηρετεῖν.

290 3219 448 3285 Hamaker
469 3242 512 3282 vs.
539 3222 623 3281 1428
643 3217 803 3299 πέφοονποω.
827 3207 896 3282 Vssss
920 3221 1137 3284 1427-1429
1160 3243 1196 3282 ex
1216 3220 1366 3305 Euripide

244 3334 403 3398 desumtos
434 3354 498 3395 esse
528 3332 590 3394 iam
621 3336 812 3394 monuerunt
842 3330 885 3394 N.
921 3337 952 3394 et
975 3330 1015 3395 D.
1041 3331 1078 3396 fr.
1103 3330 1180 3396 Eur.
1207 3332 1280 3397 879.
1306 3331 1367 3396 Sed

244 3469 306 3510 non
340 3445 452 3509 dubito
485 3444 564 3528 quin
593 3467 651 3508 vss.
684 3446 768 3506 1431
802 3467 869 3527 sqq.
900 3466 1025 3527 quoque
1058 3467 1074 3507 e
1105 3444 1204 3507 verbis
1227 3445 1364 3528 tragicis,

243 3559 397 3644 Aeschyli,
422 3557 583 3643 compositi
606 3557 679 3622 sint.
705 3555 776 3622 Vid.
801 3556 841 3619 ad
865 3580 907 3621 vs.
936 3559 1031 3621 1443.
1056 3556 1103 3619 De
1123 3557 1223 3621 verbis
1246 3558 1364 3621 Aristo-

241 3672 352 3757 phanis
383 3672 573 3735 dissentiunt
602 3670 661 3733 viri
694 3671 787 3734 docti.
819 3668 873 3734 Vs.
909 3673 990 3733 1431
1017 3671 1128 3733 eicitur
1152 3694 1170 3733 a
1193 3671 1364 3752 Dindorfic,

241 3807 285 3850 vs.
318 3787 402 3847 1432
427 3807 445 3847 a
469 3782 614 3874 Bergkio'
628 3789 660 3844 et
683 3782 813 3859 Kocki0‚
838 3805 972 3865 quorum
995 3782 1100 3867 opinio
1124 3785 1189 3846 veri
1212 3792 1259 3848 est
1282 3785 1365 3848 simi·

145 3885 148 3891 ¹
243 3898 302 3961 lior
332 3917 408 3962 cum‘
435 3897 577 3960 1432111
601 3895 676 3960 cod.
703 3893 782 3960 Ven.
807 3896 888 3959 desit
912 3895 1024 3958 etheo
1048 3896 1115 3959 loeo
1143 3898 1246 3962 minus
1269 3903 1361 3983 aptus

243 4011 395 4075 videatur.
430 4010 523 4074 Errat
551 4017 656 4073 tamen
687 4008 776 4072 Kock
807 4009 846 4072 ad
877 4006 1037 4072 Valerium
1061 4009 1234 4072 Maximum
1259 4033 1367 4095 provo-

244 4147 327 4189 cans.
359 4123 475 4188 Scribit
506 4123 557 4186 hic
585 4121 650 4185 VII
682 4127 710 4200 2,
746 4123 781 4185 7:
804 4122 1040 4203 „Aristophanis
1062 4143 1168 4204 quoque
1186 4125 1303 4186 altioris
1322 4130 1366 4186 eet

234 4238 415 4320 prudentiae
448 4243 643 4319 praeceptere,
677 4236 727 4318 qer‘
749 4236 781 4298 οόν
804 4234 945 4298 comoedia
969 4234 1135 4298 introducit
1158 4234 1306 4300 remissum
1328 4238 1364 4299 ob

242 4352 352 4434 inferis
387 4351 594 4414 Atteoieeeeor
629 4349 773 4412 Periclem
804 4347 880 4432 (sic),
911 4347 1122 4412 oetieirrootem
1152 4371 1208 4412 ooo
1237 4356 1365 4431 oportere
