3218 5370
698 570 836 659 sirius
1231 599 1292 661 145

192 783 255 846 470
290 787 321 844 et
351 782 415 844 473
447 782 581 844 vidimus
611 781 703 843 hocce
735 781 949 844 testimonium
982 782 1070 844 valde
1094 780 1309 845 labefactatur.

238 893 270 957 Si
305 895 338 957 in
373 916 496 957 causam
528 893 637 956 erroris
668 893 856 979 inquirimus
886 915 950 956 non
981 893 1098 956 frustra
1122 894 1308 979 quaerimus,

120 1054 122 1058 ι
194 1008 411 1071 Grammaticis
446 1006 587 1070 fraudem
623 1007 698 1069 fecit
732 1007 893 1069 annotatio
923 1007 962 1069 ad
993 1008 1066 1068 473.
1101 1007 1315 1091 Adscripserat

194 1120 304 1183 doctus
333 1120 446 1207 aliquis
476 1120 629 1203 interpres
659 1116 771 1180 Thesei
802 1117 893 1181 verba
924 1117 999 1197 κόρα
1030 1142 1063 1181 πε
1093 1119 1166 1196 art,
1191 1141 1254 1182 non
1279 1125 1315 1181 ut

193 1233 352 1319 parodiam
376 1232 528 1296 indicaret
551 1233 604 1295 sed
629 1239 665 1294 ut
689 1231 793 1294 locum
816 1231 975 1294 Ranarnm
998 1231 1150 1295 consimili
1174 1232 1310 1295 illustra-

193 1354 250 1410 ret.
284 1344 420 1410 Nomine
449 1345 559 1408 Thesei
589 1345 673 1431 quod
697 1344 859 1407 addiderat
882 1345 915 1408 in
939 1367 1070 1407 errorem
1096 1345 1218 1408 inducti
1241 1351 1316 1408 sunt

191 1460 255 1522 alii.
287 1459 376 1522 idem
407 1459 482 1522 milri
515 1459 639 1521 videtur
670 1458 814 1521 accidisse
844 1456 944 1521 Schol.
972 1457 1067 1537 1478,
1093 1457 1148 1520 nbi
1171 1457 1311 1521 versibus

192 1572 330 1656 Polyidi:
355 1569 415 1651 ,ἐξ
438 1570 632 1635 Ἱππολότου”
658 1571 850 1655 adscriptum
874 1577 928 1634 est.
956 1571 1004 1634 Of.
1030 1571 1069 1633 ad
1091 1594 1133 1633 vs.
1161 1572 1256 1634 1079.

240 1688 294 1763 Α1,
314 1706 503 1769 quamquam
522 1707 584 1747 non
605 1707 621 1746 e
640 1684 769 1761 Thesea,
791 1708 807 1747 e
824 1684 983 1767 tragoedia
994 1692 1098 1748 tamen
1111 1686 1210 1770 potita
1223 1693 1315 1749 sunt:

237 1799 313 1862 470.
337 1796 561 1878 μελανοκάρδιος
592 1797 694 1876 πέτρα,
727 1797 789 1859 471
814 1797 955 1869 σκόπελος
979 1798 1219 1876 atheromata·
1246 1797 1315 1862 Vox

194 1915 335 1984 σκόπελος
363 1911 396 1974 in
420 1913 474 1974 Ar.
500 1934 563 1974 non
587 1911 648 1974 nisi
672 1908 759 1973 Nub.
786 1913 849 1974 274
872 1911 1017 1988 occurrit,
1041 1911 1097 1974 ubi
1120 1913 1316 1996 anapaestico

195 2033 294 2088 metro
326 2025 460 2108 graviter
491 2005 632 2107 loquitur
656 2024 796 2087 Socrates
804 2051 813 2102 ;
837 2024 1067 2101 αἱμαποοπαρός
1090 2025 1244 2108 tragicum
1267 2035 1316 2090 est

196 2145 233 2200 ut
262 2138 324 2201 elia
355 2136 507 2201 eiusmodi
538 2138 707 2221 composita
737 2138 961 2217 οιὶμαπορρόφος,
985 2136 1205 2218 αἱμκπόρρυπος,
1230 2139 1316 2216 αἱμο-

195 2250 313 2332 βαΦός,
348 2257 380 2313 et
412 2227 547 2314 occurrit
582 2251 692 2314 Aesch.
729 2251 839 2334 Agam.
877 2252 971 2322 1309,
1008 2251 1092 2334 Sept.
1133 2254 1195 2314 836
1204 2278 1213 2328 3
1239 2252 1315 2315 Eur.

195 2362 304 2449 Suppl.
331 2367 404 2444 812,
428 2364 464 2427 fr.
491 2367 565 2443 863,

240 2476 315 2539 472.
340 2482 475 2541 Κωκυτοῦ
494 2476 658 2556 περίδρομοι
678 2474 769 2548 κόνες,
789 2476 825 2538 cf.
846 2476 955 2538 Aesch.
976 2476 1116 2560 Ohoeph.
1140 2480 1224 2556 924,
1238 2477 1312 2541 Flnr.

195 2587 244 2652 111.
271 2591 367 2651 1342.

239 2704 314 2766 473.
334 2697 466 2780 Ἔχιδνα
479 2749 575 2765 .....
597 2699 799 2780 διαεπαροόξει,
817 2702 985 2780 πλευμόνων
999 2703 1025 2765 ι)
1038 2702 1204 2783 οόνόοόψεπαι
1219 2753 1312 2768 .....

195 2815 234 2878 cf.
268 2815 344 2879 Eur.
375 2814 493 2879 Phoen.
525 2819 609 2879 1020
640 2815 696 2879 ubi
720 2816 840 2896 νέρτερος
863 2813 1006 2895 Ἔχιδνα,
1031 2825 1062 2880 et
1087 2817 1180 2902 Soph.
1204 2817 1313 2881 Trach.
1352 2830 1353 2834 ’

196 2927 256 2990 778
282 2929 464 3008 οποιρκνμδς
484 2929 575 2992 αὐτοῦ
600 2927 770 3005 πλευμόνων
793 2929 954 3008 οὶνόόψοιπο.

240 3042 314 3104 475.
347 3039 483 3120 μύραινα.
514 3049 590 3121 Μυρ.
628 3048 694 3104 erat
726 3043 925 3118 ,θαυμαστόν
959 3040 1104 3120 ἔδεομοι”,
1138 3043 1214 3105 Ath.
1251 3042 1315 3107 VH

195 3174 221 3214 c.
259 3155 310 3231 91,
350 3152 442 3237 piscis
476 3176 493 3215 e
520 3175 633 3236 genere
663 3153 885 3236 anguillarum.
916 3152 995 3216 Cum
1027 3161 1132 3217 autem
1161 3156 1317 3218 voracissi-

196 3287 281 3329 mum
313 3272 394 3329 esset
422 3266 537 3330 animal
567 3263 660 3348 quod,
692 3273 728 3329 ut
758 3265 851 3330 Vedii
883 3267 1033 3330 Pollionis
1065 3269 1195 3332 historia
1217 3271 1316 3348 docet,

136 3390 137 3394 ’
196 3378 331 3441 humana
354 3401 479 3462 quoque
503 3402 593 3442 carne
617 3388 802 3456 vesceretur,
827 3380 951 3443 videtur
974 3381 1040 3444 eins
1062 3404 1174 3444 nomen
1194 3382 1227 3445 in
1246 3405 1315 3446 con·

195 3491 311 3554 vicium
345 3491 456 3555 abiisse
491 3499 522 3554 et
553 3489 675 3570 ἔχιδναν
705 3499 761 3554 aut
789 3492 926 3576 viperam
956 3493 1099 3556 valuisse.
1130 3494 1177 3558 cf.
1203 3495 1314 3557 Aesch.

196 3603 331 3689 Ohoeph.
363 3606 427 3668 994
457 3611 489 3668 et
521 3606 628 3668 comio.
662 3629 710 3689 ap.
743 3605 840 3668 Mein.
872 3604 919 3668 IV
942 3628 971 3690 p.
998 3608 1057 3669 657
1085 3603 1104 3669 ὦ
1129 3607 1241 3688 προδόπι
1265 3607 1316 3672 καὶ

195 3717 356 3797 παραγωγὲ
385 3716 436 3781 καὶ
468 3716 595 3797 μύραινα
625 3718 669 3781 orl.
702 3720 777 3781 Hes.
810 3719 843 3781 in
875 3741 939 3782 voc.
972 3718 1055 3798 μόρε
1080 3718 1128 3783 ε’π)
1152 3724 1203 3784 ποῦ
1225 3727 1316 3785 κακοῦ

195 3829 313 3907 ἐλέγετο
337 3832 373 3902 ὡς
396 3828 510 3909 ἔχιδνα.
533 3829 634 3893 Sehol.
656 3854 682 3894 a.
703 3831 735 3894 h.
756 3831 777 3893 l.
799 3831 935 3911 μύραινα·
957 3832 1069 3908 δαίμων
1087 3832 1211 3913 Φοβεροό,
1231 3833 1315 3915 quod

195 3965 232 4004 ex
255 3944 312 4007 hoe
335 3944 402 4028 ipso
427 3944 644 4029 Aristophanis
667 3944 734 4007 loco
759 3944 892 4007 effecisse
918 3944 1050 4008 videtur.
1074 3944 1122 4007 De
1142 3946 1315 4026 Ταρπνοοόα

194 4057 255 4120 vid.
281 4057 380 4120 Kock.
406 4081 432 4120 a.
457 4057 489 4119 h.
515 4057 547 4138 1.,
572 4059 628 4140 qui
652 4081 724 4121 cum
746 4058 891 4142 Berglero
912 4058 1088 4142 suspicatur
1106 4058 1225 4121 nomini
1244 4058 1317 4120 Tar·

194 4171 256 4232 tari
278 4170 386 4234 ludere
411 4177 547 4255 poetam.

239 4282 314 4348 477.
347 4283 484 4364 Γοργόνες
515 4282 674 4365 Τιόροόοιαι.
701 4282 747 4348 01.
772 4283 870 4348 Koch.
894 4283 955 4347 Pro
979 4282 1129 4364 Τιόρόοιαι
1151 4282 1310 4348 Hermann

195 4395 371 4481 suspicatus
408 4403 455 4460 est
482 4397 665 4481 Euripidem
694 4398 852 4483 scripsisse
884 4396 1076 4474 Λιβυστικκὶ,
1107 4419 1178 4460 oum
1213 4395 1317 4460 Sohol.

1163 4508 1189 4549 ro
