3218 5370
711 540 854 599 mmms

224 719 276 784 Vs.
304 713 406 782 1099.
487 726 716 799 γερονταγωγεῖν
738 718 959 782 κάναταιδεθειν
983 718 1082 782 πάλιν.

268 833 360 897 Teste
391 833 560 895 Scholiasta
591 854 607 894 e
638 830 732 894 Peleo
757 831 927 915 Sophoclis.
952 831 1066 909 Totum
1088 832 1190 894 locum
1212 834 1343 897 servavit

227 945 328 1017 Schol.
353 943 438 1008 Nub.
466 944 570 1007 1417:

451 1033 461 1048 ο
491 1055 594 1128 Πηλέα
616 1057 664 1119 τὸν
687 1055 820 1119 Αίάκειον
846 1057 963 1135 οῖκονρὸς
986 1057 1058 1132 μθνκ

490 1172 698 1249 γερονταγωγῶ
721 1168 928 1232 κάναταιδεθω
951 1167 1051 1232 πάλιν·

492 1279 582 1344 πάλιν
605 1281 662 1359 γάρ
686 1274 767 1352 αὖθις
794 1287 869 1351 ταῖς
893 1281 905 1342 ὁ
929 1280 1081 1359 γηράσκων
1104 1280 1207 1360 dulps

272 1393 323 1457 Tr.
355 1393 449 1477 Soph.
481 1396 545 1456 444
576 1392 628 1470 N.,
662 1395 726 1454 434
758 1392 797 1455 D.
823 1391 943 1455 Eodem
966 1415 1057 1456 versu
1079 1392 1240 1477 Sophoclis
1263 1415 1340 1456 usus

154 1536 157 1541 ·
227 1513 274 1568 est
304 1512 394 1589 poeta
425 1505 559 1568 comicus
590 1528 637 1589 ap.
672 1504 758 1568 Plut.
783 1503 848 1568 Vir.
874 1503 944 1568 Nic.
970 1527 996 1568 c.
1022 1509 1058 1568 2:
1082 1502 1188 1584 ’Ίσχνε
1211 1507 1266 1582 μὲν
1288 1507 1345 1585 γάρ

181 1630 184 1634 ⁴
228 1618 240 1680 ὁ
265 1616 362 1681 Κλέων
386 1617 469 1694 μέγα
493 1622 719 1696 γερονταγωγῶν
741 1617 808 1700 (τὸν
826 1617 919 1693 δῆμον
941 1624 978 1679 ut
993 1619 1131 1701 apparet)
1144 1619 1293 1694 relaxaret
1316 1642 1345 1697 ρ-

215 1737 283 1806 ,νεῖν
306 1729 407 1801 διδοθςζ
434 1729 522 1792 Idem
546 1728 630 1793 Plut.
656 1729 745 1814 Reip.
769 1752 833 1812 ger.
858 1752 958 1813 praec.
980 1751 1006 1791 c.
1030 1732 1079 1791 13.
1100 1729 1261 1792 Praecedit
1281 1752 1346 1793 ver·
1428 1816 1430 1820 ι

228 1864 280 1905 sus
312 1841 528 1926 Aristophanis
560 1840 653 1926 Vesp.
688 1843 783 1904 1033.
819 1841 962 1904 Fortasse
987 1841 1080 1903 etiam
1103 1842 1346 1920 κάναμισθαρνεῖν

227 1953 319 2025 διδοὺς
344 1954 562 2049 Aristophanis
586 1961 643 2016 est.

228 2172 282 2236 Vs.
309 2167 412 2235 1225.
481 2175 539 2251 ε’γὼ
561 2174 592 2238 δέ
615 2198 651 2237 τυ
672 2171 853 2254 ἐστεφάνιξα
876 2172 1105 2252 κάδωρνσάμαν.

273 2285 374 2350 Schol.
405 2294 541 2364 μιμεῖται
570 2287 601 2350 δὲ
631 2286 697 2358 τοὺς
727 2284 850 2351 εἵλωτας
879 2283 950 2350 θταν
973 2290 1140 2366 στεφανῶσι
1163 2287 1211 2349 τὸν
1236 2295 1336 2350 Ποσει-

227 2400 310 2463 δῶνα.
336 2397 503 2482 „Respicit
518 2399 618 2482 ignoti
635 2406 744 2482 poetae
765 2398 871 2461 drama
891 2397 1053 2463 Helotas.”
1075 2398 1169 2461 Dind.
1191 2400 1222 2462 in
1236 2407 1343 2463 annot.

229 2511 267 2573 ad
292 2510 392 2574 Schol.
417 2509 462 2573 Of.
487 2510 587 2574 Koch.
608 2533 635 2574 a.
663 2511 693 2574 h.
718 2511 741 2574 l.

230 2733 282 2798 Vs.
310 2725 413 2795 1232.
439 2732 486 2796 De
509 2754 565 2796 sua
588 2733 753 2817 desperans
776 2733 887 2810 salute,
913 2738 1054 2796 metuens
1076 2756 1115 2795 ne
1140 2732 1231 2795 Demi
1244 2734 1344 2817 gratia
1401 2747 1405 2754 ’

231 2845 350 2910 excidat
373 2844 469 2909 Cleon
492 2844 677 2928 gravitatem
700 2844 876 2928 tragoediae
896 2845 1048 2909 imitatur.
1069 2845 1259 2930 Notissimae
1272 2851 1347 2910 sunt

230 2959 363 3043 tragicae
403 2956 615 3037 άναγνωρίσεις,
658 2957 765 3040 quales
799 2957 829 3020 in
867 2956 1057 3043 Choephoris
1093 2959 1274 3042 Aeschylus,
1311 2959 1352 3021 in>

230 3069 350 3156 Oedipo
379 3070 521 3155 Tyranno
553 3070 730 3154 Sophocles,
763 3070 797 3158 in
819 3070 906 3148 lone,
932 3070 1063 3149 Helena,
1088 3071 1234 3156 Telepho,
1259 3071 1345 3157 Iphi-

230 3183 322 3267 genia
345 3183 477 3247 Taurica
498 3181 674 3266 Euripides,
699 3182 733 3245 in
756 3183 825 3245 aliis
850 3183 995 3246 dramatis
1019 3184 1073 3246 alii
1095 3183 1262 3247 finxerunt.
1287 3183 1348 3259 Lu·

231 3295 278 3360 dit
306 3295 458 3359 imitando
488 3294 711 3379 Aristophanes
741 3295 788 3358 vcl
809 3295 914 3379 potins
938 3295 1082 3378 fingendo
1107 3296 1145 3358 ad
1170 3297 1345 3379 tragoediae

231 3408 424 3492 exemplum5
450 3429 520 3471 cnm
544 3414 649 3470 autem
670 3406 793 3470 Cleonis
817 3407 988 3471 orationem
1012 3407 1112 3471 verbis
1131 3408 1203 3472 hinc
1221 3409 1348 3473 illince

230 3517 389 3602 tragoedia
416 3518 524 3602 petitis
554 3524 653 3598 ornet,
686 3518 847 3602 demagogi
870 3520 1056 3600 άναγνθρισιν
1082 3528 1189 3584 utrum
1212 3529 1346 3606 paratra-

230 3631 340 3714 goedia
373 3654 412 3693 an
442 3630 568 3716 parodia
599 3630 782 3716 appellanda
813 3632 853 3694 sit
884 3627 1047 3696 nescimus.
1079 3632 1146 3696 lam
1176 3635 1280 3696 statim
1306 3634 1344 3698 ab

230 3743 321 3807 initio
345 3744 508 3826 exquisitis
531 3743 632 3807 verbis
655 3744 724 3807 illc:

432 3856 484 3936 καῖΙ
505 3856 564 3933 μάν
587 3857 614 3919 σ’
639 3854 759 3933 ἐλέγξαι
784 3856 930 3934 βούλομαι
953 3859 1105 3939 τεκμηρίῳ,

429 3966 456 4030 εῖ
475 3991 503 4031 τι
526 3965 661 4041 ξυνοίσεις
683 3974 734 4031 τοῦ
760 3970 819 4032 θεοῦ
844 3977 905 4040 τοῖς
929 3970 1094 4050 θεσφάτοις.
1153 4034 1157 4040 ,

430 4080 483 4143 καί
502 4103 552 4143 σον
575 4084 707 4144 τοσοῦτον
731 4086 839 4160 πρῶτον
862 4081 1078 4160 ἐκπειράσομαι.

231 4215 365 4276 quorum
394 4214 496 4277 neque
527 4192 734 4274 ἐκπειράσομαι
756 4217 857 4276 neque
879 4191 1013 4268 ξυνοίσεις
1036 4203 1097 4266 τοῖς
1121 4197 1275 4278 θεσφάτοις
1299 4221 1346 4262 co

231 4304 384 4368 micorum
407 4311 492 4368 sunt.
526 4329 530 4336 ·
