<?xml version="1.0" encoding="UTF-8"?>
<!DOCTYPE html PUBLIC "-//W3C//DTD XHTML 1.0 Transitional//EN"
    "http://www.w3.org/TR/xhtml1/DTD/xhtml1-transitional.dtd">
<html xmlns="http://www.w3.org/1999/xhtml" xml:lang="en" lang="en">
 <head>
  <title>
</title>
<meta http-equiv="Content-Type" content="text/html;charset=utf-8" />
  <meta name='ocr-system' content='tesseract 3.04.00' />
  <meta name='ocr-capabilities' content='ocr_page ocr_carea ocr_par ocr_line ocrx_word'/>
</head>
<body>
  <div class='ocr_page' id='page_1' title='image "./deparodiaincomo00bakhgoog_0102.png"; bbox 0 0 3218 5370; ppageno 0'>
   <div class='ocr_carea' id='block_1_1' title="bbox 729 611 1301 674">
    <p class='ocr_par' dir='ltr' id='par_1_1' title="bbox 729 611 1301 674">
     <span class='ocr_line' id='line_1_1' title="bbox 729 611 1301 674; baseline 0 0"><span class='ocrx_word' id='word_1_1' title='bbox 729 631 815 674; x_wconf 76' lang='lat' dir='ltr'>Avus.</span> <span class='ocrx_word' id='word_1_2' title='bbox 1261 611 1301 674; x_wconf 88' lang='grc'>89</span> 
     </span>
    </p>
   </div>
   <div class='ocr_carea' id='block_1_2' title="bbox 205 802 1324 1213">
    <p class='ocr_par' dir='ltr' id='par_1_2' title="bbox 206 802 1130 890">
     <span class='ocr_line' id='line_1_2' title="bbox 206 802 1130 890; baseline 0.004 -21"><span class='ocrx_word' id='word_1_3' title='bbox 206 806 260 872; x_wconf 86' lang='lat' dir='ltr'>Vs.</span> <span class='ocrx_word' id='word_1_4' title='bbox 287 802 390 871; x_wconf 76' lang='grc'><strong>1420.</strong></span> <span class='ocrx_word' id='word_1_5' title='bbox 422 813 540 890; x_wconf 78' lang='grc' dir='ltr'><em>πτερῶν,</em></span> <span class='ocrx_word' id='word_1_6' title='bbox 565 813 674 890; x_wconf 79' lang='grc' dir='ltr'><em>πτερῶν</em></span> <span class='ocrx_word' id='word_1_7' title='bbox 698 809 750 882; x_wconf 79' lang='grc' dir='ltr'><em>δεῖ,</em></span> <span class='ocrx_word' id='word_1_8' title='bbox 774 808 816 886; x_wconf 65' lang='grc' dir='ltr'>μὴ</span> <span class='ocrx_word' id='word_1_9' title='bbox 841 808 914 888; x_wconf 72' lang='grc' dir='ltr'><em>πύθρ</em></span> <span class='ocrx_word' id='word_1_10' title='bbox 938 809 970 873; x_wconf 78' lang='grc' dir='ltr'>τὸ</span> <span class='ocrx_word' id='word_1_11' title='bbox 996 808 1130 890; x_wconf 77' lang='grc' dir='ltr'><em>δεύτερον.</em></span> 
     </span>
    </p>

    <p class='ocr_par' dir='ltr' id='par_1_3' title="bbox 205 919 1324 1213">
     <span class='ocr_line' id='line_1_3' title="bbox 250 919 1322 1002; baseline 0.002 -19"><span class='ocrx_word' id='word_1_12' title='bbox 250 920 351 984; x_wconf 83' lang='lat' dir='ltr'>Schol.</span> <span class='ocrx_word' id='word_1_13' title='bbox 376 920 458 1002; x_wconf 76' lang='grc' dir='ltr'><em>παρα</em></span> <span class='ocrx_word' id='word_1_14' title='bbox 480 922 512 985; x_wconf 82' lang='grc' dir='ltr'>τὸ</span> <span class='ocrx_word' id='word_1_15' title='bbox 535 920 689 1000; x_wconf 78' lang='grc' dir='ltr'>Αἰσχύλον</span> <span class='ocrx_word' id='word_1_16' title='bbox 706 922 739 984; x_wconf 85' lang='grc' dir='ltr'>ἐκ</span> <span class='ocrx_word' id='word_1_17' title='bbox 758 919 946 1001; x_wconf 69' lang='grc' dir='ltr'><em>Μυρμιδόνων</em></span> <span class='ocrx_word' id='word_1_18' title='bbox 973 919 1108 999; x_wconf 72' lang='grc' dir='ltr'><em>,,ἕπλων,</em></span> <span class='ocrx_word' id='word_1_19' title='bbox 1132 919 1227 985; x_wconf 74' lang='grc' dir='ltr'><em>ὅπλων</em></span> <span class='ocrx_word' id='word_1_20' title='bbox 1251 922 1322 985; x_wconf 53' lang='lat' dir='ltr'>aa?</span> 
     </span>
     <span class='ocr_line' id='line_1_4' title="bbox 205 1033 1324 1119; baseline 0.001 -22"><span class='ocrx_word' id='word_1_21' title='bbox 205 1034 256 1099; x_wconf 83' lang='lat' dir='ltr'>Fr.</span> <span class='ocrx_word' id='word_1_22' title='bbox 283 1037 345 1097; x_wconf 87' lang='grc'>136</span> <span class='ocrx_word' id='word_1_23' title='bbox 369 1034 422 1115; x_wconf 92' lang='lat' dir='ltr'>N.,</span> <span class='ocrx_word' id='word_1_24' title='bbox 449 1037 510 1097; x_wconf 88' lang='grc'>140</span> <span class='ocrx_word' id='word_1_25' title='bbox 535 1034 573 1097; x_wconf 89' lang='lat' dir='ltr'>D.</span> <span class='ocrx_word' id='word_1_26' title='bbox 601 1034 769 1116; x_wconf 75' lang='lat' dir='ltr'>Sequentia</span> <span class='ocrx_word' id='word_1_27' title='bbox 794 1034 836 1112; x_wconf 70' lang='lat' dir='ltr'>ph</span> <span class='ocrx_word' id='word_1_28' title='bbox 856 1072 901 1081; x_wconf 97' lang='lat'><strong>—</strong></span> <span class='ocrx_word' id='word_1_29' title='bbox 919 1033 1046 1114; x_wconf 74' lang='grc' dir='ltr'><em>δεύτερον</em></span> <span class='ocrx_word' id='word_1_30' title='bbox 1065 1035 1148 1098; x_wconf 87' lang='lat' dir='ltr'>hisce</span> <span class='ocrx_word' id='word_1_31' title='bbox 1167 1036 1324 1119; x_wconf 85' lang='lat' dir='ltr'>iungenda</span> 
     </span>
     <span class='ocr_line' id='line_1_5' title="bbox 206 1146 1322 1213; baseline 0.003 -3"><span class='ocrx_word' id='word_1_32' title='bbox 206 1170 270 1210; x_wconf 91' lang='lat' dir='ltr'>esse</span> <span class='ocrx_word' id='word_1_33' title='bbox 294 1148 418 1211; x_wconf 88' lang='lat' dir='ltr'>monuit</span> <span class='ocrx_word' id='word_1_34' title='bbox 435 1147 534 1212; x_wconf 88' lang='lat' dir='ltr'>Kook.</span> <span class='ocrx_word' id='word_1_35' title='bbox 553 1146 656 1211; x_wconf 84' lang='lat' dir='ltr'>Verba</span> <span class='ocrx_word' id='word_1_36' title='bbox 675 1155 751 1212; x_wconf 90' lang='lat' dir='ltr'>sunt</span> <span class='ocrx_word' id='word_1_37' title='bbox 769 1147 903 1211; x_wconf 82' lang='lat' dir='ltr'>Achillis</span> <span class='ocrx_word' id='word_1_38' title='bbox 916 1155 1047 1212; x_wconf 90' lang='lat' dir='ltr'>mortem</span> <span class='ocrx_word' id='word_1_39' title='bbox 1061 1148 1197 1212; x_wconf 72' lang='lat' dir='ltr'>Patrocli</span> <span class='ocrx_word' id='word_1_40' title='bbox 1210 1149 1322 1213; x_wconf 88' lang='lat' dir='ltr'>ulturi.</span> 
     </span>
    </p>
   </div>
   <div class='ocr_carea' id='block_1_3' title="bbox 206 1334 733 1454">
    <p class='ocr_par' dir='ltr' id='par_1_4' title="bbox 206 1334 733 1454">
     <span class='ocr_line' id='line_1_6' title="bbox 206 1334 733 1454; baseline 0.008 -21"><span class='ocrx_word' id='word_1_41' title='bbox 206 1370 259 1437; x_wconf 83' lang='lat' dir='ltr'>Vs.</span> <span class='ocrx_word' id='word_1_42' title='bbox 288 1365 392 1435; x_wconf 77' lang='lat'>1426.</span> <span class='ocrx_word' id='word_1_43' title='bbox 425 1371 499 1436; x_wconf 77' lang='grc' dir='ltr'><em>ὑπαὶ</em></span> <span class='ocrx_word' id='word_1_44' title='bbox 522 1373 680 1454; x_wconf 77' lang='grc' dir='ltr'><em>πτερύγων.</em></span> <span class='ocrx_word' id='word_1_45' title='bbox 731 1334 733 1339; x_wconf 23' lang='grc' dir='ltr'>Ι</span> 
     </span>
    </p>
   </div>
   <div class='ocr_carea' id='block_1_4' title="bbox 206 1483 1326 2148">
    <p class='ocr_par' dir='ltr' id='par_1_5' title="bbox 206 1483 1324 1676">
     <span class='ocr_line' id='line_1_7' title="bbox 251 1483 1324 1566; baseline 0 -18"><span class='ocrx_word' id='word_1_46' title='bbox 251 1486 310 1549; x_wconf 87' lang='lat' dir='ltr'>Ad.</span> <span class='ocrx_word' id='word_1_47' title='bbox 342 1485 420 1549; x_wconf 84' lang='lat' dir='ltr'>Ach.</span> <span class='ocrx_word' id='word_1_48' title='bbox 454 1488 516 1551; x_wconf 90' lang='grc'>970</span> <span class='ocrx_word' id='word_1_49' title='bbox 549 1485 623 1549; x_wconf 74' lang='grc' dir='ltr'><em>ὑπαὶ</em></span> <span class='ocrx_word' id='word_1_50' title='bbox 652 1484 800 1566; x_wconf 77' lang='grc' dir='ltr'><em>πτερύγων</em></span> <span class='ocrx_word' id='word_1_51' title='bbox 823 1488 935 1565; x_wconf 71' lang='grc' dir='ltr'><em>κιχλᾶν</em></span> <span class='ocrx_word' id='word_1_52' title='bbox 957 1483 1009 1548; x_wconf 72' lang='grc' dir='ltr'>καὶ</span> <span class='ocrx_word' id='word_1_53' title='bbox 1033 1484 1176 1564; x_wconf 78' lang='grc' dir='ltr'><em>κοψίχων,</em></span> <span class='ocrx_word' id='word_1_54' title='bbox 1202 1484 1324 1548; x_wconf 76' lang='lat' dir='ltr'>schot:</span> 
     </span>
     <span class='ocr_line' id='line_1_8' title="bbox 206 1596 1077 1676; baseline -0.003 -15"><span class='ocrx_word' id='word_1_55' title='bbox 206 1606 342 1675; x_wconf 72' lang='grc' dir='ltr'>μιμεῖται</span> <span class='ocrx_word' id='word_1_56' title='bbox 366 1596 453 1662; x_wconf 77' lang='grc' dir='ltr'><em>δὲτὸ</em></span> <span class='ocrx_word' id='word_1_57' title='bbox 477 1597 577 1676; x_wconf 78' lang='grc' dir='ltr'><em>μέλος.</em></span> <span class='ocrx_word' id='word_1_58' title='bbox 601 1596 732 1661; x_wconf 80' lang='lat' dir='ltr'><strong>Carmen</strong></span> <span class='ocrx_word' id='word_1_59' title='bbox 756 1619 820 1661; x_wconf 92' lang='lat' dir='ltr'>non</span> <span class='ocrx_word' id='word_1_60' title='bbox 843 1603 999 1661; x_wconf 85' lang='lat' dir='ltr'>servatum</span> <span class='ocrx_word' id='word_1_61' title='bbox 1022 1603 1077 1660; x_wconf 85' lang='lat' dir='ltr'>est.</span> 
     </span>
    </p>

    <p class='ocr_par' dir='ltr' id='par_1_6' title="bbox 206 1707 1326 2000">
     <span class='ocr_line' id='line_1_9' title="bbox 251 1707 1326 1797; baseline -0.002 -23"><span class='ocrx_word' id='word_1_62' title='bbox 251 1711 315 1791; x_wconf 77' lang='lat' dir='ltr'>Qui</span> <span class='ocrx_word' id='word_1_63' title='bbox 346 1734 388 1774; x_wconf 83' lang='lat' dir='ltr'>vs</span> <span class='ocrx_word' id='word_1_64' title='bbox 424 1713 507 1773; x_wconf 89' lang='grc'><strong>1445</strong></span> <span class='ocrx_word' id='word_1_65' title='bbox 540 1711 616 1773; x_wconf 92' lang='lat' dir='ltr'>dicit</span> <span class='ocrx_word' id='word_1_66' title='bbox 646 1710 746 1773; x_wconf 91' lang='lat' dir='ltr'>filium</span> <span class='ocrx_word' id='word_1_67' title='bbox 774 1710 821 1773; x_wconf 80' lang='grc' dir='ltr'>ἐπὶ</span> <span class='ocrx_word' id='word_1_68' title='bbox 844 1709 993 1792; x_wconf 77' lang='grc' dir='ltr'><em>τραγῳδία</em></span> <span class='ocrx_word' id='word_1_69' title='bbox 1012 1707 1017 1797; x_wconf 81' lang='grc' dir='ltr'>Ι</span> <span class='ocrx_word' id='word_1_70' title='bbox 1037 1710 1249 1789; x_wconf 69' lang='grc' dir='ltr'><em>ἀνεπτερῶσθαι</em></span> <span class='ocrx_word' id='word_1_71' title='bbox 1273 1709 1326 1774; x_wconf 75' lang='grc' dir='ltr'>καὶ</span> 
     </span>
     <span class='ocr_line' id='line_1_10' title="bbox 206 1819 1325 1906; baseline -0.002 -20"><span class='ocrx_word' id='word_1_72' title='bbox 206 1825 386 1897; x_wconf 70' lang='grc' dir='ltr'><em>πεποτῆσθαι</em></span> <span class='ocrx_word' id='word_1_73' title='bbox 410 1824 465 1895; x_wconf 79' lang='grc' dir='ltr'>τας</span> <span class='ocrx_word' id='word_1_74' title='bbox 488 1822 607 1904; x_wconf 79' lang='grc' dir='ltr'><em>Φρένας,</em></span> <span class='ocrx_word' id='word_1_75' title='bbox 632 1823 759 1906; x_wconf 81' lang='lat' dir='ltr'>lyricam</span> <span class='ocrx_word' id='word_1_76' title='bbox 783 1822 829 1885; x_wconf 88' lang='lat' dir='ltr'>vel</span> <span class='ocrx_word' id='word_1_77' title='bbox 852 1823 1001 1906; x_wconf 78' lang='lat' dir='ltr'>tragicam</span> <span class='ocrx_word' id='word_1_78' title='bbox 1027 1819 1195 1894; x_wconf 87' lang='lat' dir='ltr'>dictionem</span> <span class='ocrx_word' id='word_1_79' title='bbox 1224 1821 1325 1884; x_wconf 87' lang='lat' dir='ltr'>imita·</span> 
     </span>
     <span class='ocr_line' id='line_1_11' title="bbox 207 1935 615 2000; baseline -0.005 0"><span class='ocrx_word' id='word_1_80' title='bbox 207 1943 270 2000; x_wconf 85' lang='lat' dir='ltr'>tur.</span> <span class='ocrx_word' id='word_1_81' title='bbox 297 1935 342 1999; x_wconf 83' lang='lat' dir='ltr'>Of.</span> <span class='ocrx_word' id='word_1_82' title='bbox 366 1936 442 1999; x_wconf 80' lang='lat' dir='ltr'>Eur.</span> <span class='ocrx_word' id='word_1_83' title='bbox 466 1936 516 1999; x_wconf 82' lang='lat' dir='ltr'>El.</span> <span class='ocrx_word' id='word_1_84' title='bbox 544 1937 615 2000; x_wconf 85' lang='grc'><strong>177.</strong></span> 
     </span>
    </p>

    <p class='ocr_par' dir='ltr' id='par_1_7' title="bbox 249 2045 1022 2148">
     <span class='ocr_line' id='line_1_12' title="bbox 249 2045 1022 2148; baseline 0.001 -36"><span class='ocrx_word' id='word_1_85' title='bbox 249 2049 297 2114; x_wconf 91' lang='lat' dir='ltr'>De</span> <span class='ocrx_word' id='word_1_86' title='bbox 323 2052 406 2115; x_wconf 91' lang='grc'><strong>1470</strong></span> <span class='ocrx_word' id='word_1_87' title='bbox 430 2050 530 2114; x_wconf 76' lang='grc' dir='ltr'><em>πολλα</em></span> <span class='ocrx_word' id='word_1_88' title='bbox 554 2049 589 2122; x_wconf 68' lang='grc' dir='ltr'>δὴ</span> <span class='ocrx_word' id='word_1_89' title='bbox 613 2051 681 2148; x_wconf 35' lang='grc' dir='ltr'><em>κτὲ..</em></span> <span class='ocrx_word' id='word_1_90' title='bbox 699 2045 770 2113; x_wconf 85' lang='lat' dir='ltr'>Vid.</span> <span class='ocrx_word' id='word_1_91' title='bbox 795 2049 834 2112; x_wconf 94' lang='lat' dir='ltr'>ad</span> <span class='ocrx_word' id='word_1_92' title='bbox 857 2073 900 2112; x_wconf 90' lang='lat' dir='ltr'>vs.</span> <span class='ocrx_word' id='word_1_93' title='bbox 928 2053 1022 2113; x_wconf 87' lang='grc'><strong>1494.</strong></span> 
     </span>
    </p>
   </div>
   <div class='ocr_carea' id='block_1_5' title="bbox 159 2265 1324 4274">
    <p class='ocr_par' dir='ltr' id='par_1_8' title="bbox 204 2265 1324 2908">
     <span class='ocr_line' id='line_1_13' title="bbox 206 2265 1324 2356; baseline 0.001 -23"><span class='ocrx_word' id='word_1_94' title='bbox 206 2272 260 2339; x_wconf 84' lang='lat' dir='ltr'>Vs.</span> <span class='ocrx_word' id='word_1_95' title='bbox 288 2265 392 2334; x_wconf 88' lang='grc'><strong>1494.</strong></span> <span class='ocrx_word' id='word_1_96' title='bbox 425 2272 464 2335; x_wconf 89' lang='lat' dir='ltr'>In</span> <span class='ocrx_word' id='word_1_97' title='bbox 495 2294 615 2335; x_wconf 86' lang='lat' dir='ltr'>scenam</span> <span class='ocrx_word' id='word_1_98' title='bbox 639 2270 744 2356; x_wconf 81' lang='lat' dir='ltr'>prodit</span> <span class='ocrx_word' id='word_1_99' title='bbox 768 2269 982 2348; x_wconf 89' lang='lat' dir='ltr'>Prometheus,</span> <span class='ocrx_word' id='word_1_100' title='bbox 1006 2271 1106 2334; x_wconf 89' lang='lat' dir='ltr'>velato</span> <span class='ocrx_word' id='word_1_101' title='bbox 1129 2272 1239 2355; x_wconf 89' lang='lat' dir='ltr'>capite,</span> <span class='ocrx_word' id='word_1_102' title='bbox 1263 2294 1324 2334; x_wconf 89' lang='lat' dir='ltr'>me·</span> 
     </span>
     <span class='ocr_line' id='line_1_14' title="bbox 209 2382 1324 2469; baseline -0.004 -19"><span class='ocrx_word' id='word_1_103' title='bbox 209 2394 302 2450; x_wconf 89' lang='lat' dir='ltr'>tuens</span> <span class='ocrx_word' id='word_1_104' title='bbox 332 2408 372 2448; x_wconf 90' lang='lat' dir='ltr'>ne</span> <span class='ocrx_word' id='word_1_105' title='bbox 402 2408 433 2448; x_wconf 89' lang='lat' dir='ltr'>se</span> <span class='ocrx_word' id='word_1_106' title='bbox 463 2384 585 2469; x_wconf 75' lang='lat' dir='ltr'>Iupiter</span> <span class='ocrx_word' id='word_1_107' title='bbox 608 2382 842 2462; x_wconf 83' lang='lat' dir='ltr'>animadvertat,</span> <span class='ocrx_word' id='word_1_108' title='bbox 868 2382 980 2446; x_wconf 90' lang='lat' dir='ltr'>deinde</span> <span class='ocrx_word' id='word_1_109' title='bbox 1002 2389 1165 2467; x_wconf 88' lang='lat' dir='ltr'>postquam</span> <span class='ocrx_word' id='word_1_110' title='bbox 1189 2383 1259 2467; x_wconf 91' lang='lat' dir='ltr'>quis</span> <span class='ocrx_word' id='word_1_111' title='bbox 1282 2384 1324 2447; x_wconf 89' lang='lat' dir='ltr'>sit</span> 
     </span>
     <span class='ocr_line' id='line_1_15' title="bbox 206 2476 1324 2581; baseline -0.001 -21"><span class='ocrx_word' id='word_1_112' title='bbox 206 2498 425 2561; x_wconf 86' lang='lat' dir='ltr'>Peithethaero</span> <span class='ocrx_word' id='word_1_113' title='bbox 455 2497 589 2581; x_wconf 89' lang='lat' dir='ltr'>aperuit,</span> <span class='ocrx_word' id='word_1_114' title='bbox 621 2495 790 2559; x_wconf 86' lang='lat' dir='ltr'>umbellam</span> <span class='ocrx_word' id='word_1_115' title='bbox 822 2503 910 2580; x_wconf 80' lang='lat' dir='ltr'>rogat</span> <span class='ocrx_word' id='word_1_116' title='bbox 940 2476 1002 2579; x_wconf 87' lang='lat' dir='ltr'>qua</span> <span class='ocrx_word' id='word_1_117' title='bbox 1025 2518 1057 2559; x_wconf 85' lang='lat' dir='ltr'>se</span> <span class='ocrx_word' id='word_1_118' title='bbox 1080 2502 1176 2580; x_wconf 88' lang='lat' dir='ltr'>tegat,</span> <span class='ocrx_word' id='word_1_119' title='bbox 1201 2495 1324 2560; x_wconf 89' lang='lat' dir='ltr'>Peithe-</span> 
     </span>
     <span class='ocr_line' id='line_1_16' title="bbox 204 2607 1324 2674; baseline 0 -3"><span class='ocrx_word' id='word_1_120' title='bbox 204 2617 325 2674; x_wconf 89' lang='lat' dir='ltr'>taerum</span> <span class='ocrx_word' id='word_1_121' title='bbox 361 2610 523 2672; x_wconf 87' lang='lat' dir='ltr'>certiorem</span> <span class='ocrx_word' id='word_1_122' title='bbox 554 2609 628 2672; x_wconf 88' lang='lat' dir='ltr'>facit</span> <span class='ocrx_word' id='word_1_123' title='bbox 659 2607 741 2672; x_wconf 85' lang='lat' dir='ltr'>Deos</span> <span class='ocrx_word' id='word_1_124' title='bbox 771 2607 916 2672; x_wconf 88' lang='lat' dir='ltr'>barbaros</span> <span class='ocrx_word' id='word_1_125' title='bbox 946 2609 1017 2673; x_wconf 83' lang='lat' dir='ltr'>Jori</span> <span class='ocrx_word' id='word_1_126' title='bbox 1041 2608 1158 2672; x_wconf 89' lang='lat' dir='ltr'>bellum</span> <span class='ocrx_word' id='word_1_127' title='bbox 1181 2608 1324 2672; x_wconf 91' lang='lat' dir='ltr'>intulisse</span> 
     </span>
     <span class='ocr_line' id='line_1_17' title="bbox 205 2721 1321 2807; baseline -0.001 -21"><span class='ocrx_word' id='word_1_128' title='bbox 205 2723 411 2806; x_wconf 86' lang='lat' dir='ltr'>hortaturque</span> <span class='ocrx_word' id='word_1_129' title='bbox 435 2744 506 2786; x_wconf 89' lang='lat' dir='ltr'>eum</span> <span class='ocrx_word' id='word_1_130' title='bbox 527 2722 607 2785; x_wconf 88' lang='lat' dir='ltr'>viam</span> <span class='ocrx_word' id='word_1_131' title='bbox 631 2722 708 2785; x_wconf 91' lang='lat' dir='ltr'>coeli</span> <span class='ocrx_word' id='word_1_132' title='bbox 731 2744 771 2784; x_wconf 93' lang='lat' dir='ltr'>ne</span> <span class='ocrx_word' id='word_1_133' title='bbox 793 2722 880 2806; x_wconf 90' lang='lat' dir='ltr'>prius</span> <span class='ocrx_word' id='word_1_134' title='bbox 899 2723 1064 2806; x_wconf 83' lang='lat' dir='ltr'>patefaciat</span> <span class='ocrx_word' id='word_1_135' title='bbox 1082 2744 1176 2804; x_wconf 87' lang='lat' dir='ltr'>quam</span> <span class='ocrx_word' id='word_1_136' title='bbox 1196 2721 1321 2807; x_wconf 86' lang='lat' dir='ltr'>Jupiter</span> 
     </span>
     <span class='ocr_line' id='line_1_18' title="bbox 205 2834 633 2908; baseline -0.005 -9"><span class='ocrx_word' id='word_1_137' title='bbox 205 2836 257 2908; x_wconf 72' lang='grc' dir='ltr'>τὴν</span> <span class='ocrx_word' id='word_1_138' title='bbox 280 2835 435 2899; x_wconf 78' lang='grc' dir='ltr'><em>Βασίλειαν</em></span> <span class='ocrx_word' id='word_1_139' title='bbox 459 2834 633 2897; x_wconf 89' lang='lat' dir='ltr'>tradiderit.</span> 
     </span>
    </p>

    <p class='ocr_par' dir='ltr' id='par_1_9' title="bbox 159 2947 1324 4046">
     <span class='ocr_line' id='line_1_19' title="bbox 250 2947 1323 3034; baseline 0 -22"><span class='ocrx_word' id='word_1_140' title='bbox 250 2949 378 3034; x_wconf 87' lang='lat' dir='ltr'>Saepius</span> <span class='ocrx_word' id='word_1_141' title='bbox 400 2947 478 3011; x_wconf 88' lang='lat' dir='ltr'>mihi</span> <span class='ocrx_word' id='word_1_142' title='bbox 501 2969 559 3010; x_wconf 79' lang='lat' dir='ltr'>uss.</span> <span class='ocrx_word' id='word_1_143' title='bbox 581 2950 666 3010; x_wconf 90' lang='grc'><strong>1494</strong></span> <span class='ocrx_word' id='word_1_144' title='bbox 690 2969 756 3030; x_wconf 89' lang='lat' dir='ltr'>sqq.</span> <span class='ocrx_word' id='word_1_145' title='bbox 780 2948 898 3031; x_wconf 88' lang='lat' dir='ltr'>legenti</span> <span class='ocrx_word' id='word_1_146' title='bbox 921 2947 1106 3011; x_wconf 89' lang='lat' dir='ltr'>videbantur</span> <span class='ocrx_word' id='word_1_147' title='bbox 1125 2948 1199 3010; x_wconf 90' lang='lat' dir='ltr'>haec</span> <span class='ocrx_word' id='word_1_148' title='bbox 1220 2949 1323 3012; x_wconf 90' lang='lat' dir='ltr'>omnia</span> 
     </span>
     <span class='ocr_line' id='line_1_20' title="bbox 205 3062 1322 3148; baseline 0 -22"><span class='ocrx_word' id='word_1_149' title='bbox 205 3085 284 3146; x_wconf 92' lang='lat' dir='ltr'>quae</span> <span class='ocrx_word' id='word_1_150' title='bbox 308 3062 346 3125; x_wconf 93' lang='lat' dir='ltr'>de</span> <span class='ocrx_word' id='word_1_151' title='bbox 370 3062 555 3125; x_wconf 90' lang='lat' dir='ltr'>Prometheo</span> <span class='ocrx_word' id='word_1_152' title='bbox 575 3069 674 3146; x_wconf 83' lang='lat' dir='ltr'>agunt</span> <span class='ocrx_word' id='word_1_153' title='bbox 694 3084 799 3125; x_wconf 88' lang='lat' dir='ltr'>revera</span> <span class='ocrx_word' id='word_1_154' title='bbox 819 3063 917 3125; x_wconf 85' lang='lat' dir='ltr'>faceta</span> <span class='ocrx_word' id='word_1_155' title='bbox 935 3085 997 3125; x_wconf 92' lang='lat' dir='ltr'>non</span> <span class='ocrx_word' id='word_1_156' title='bbox 1010 3085 1074 3127; x_wconf 89' lang='lat' dir='ltr'>esse</span> <span class='ocrx_word' id='word_1_157' title='bbox 1086 3084 1188 3148; x_wconf 88' lang='lat' dir='ltr'>neque</span> <span class='ocrx_word' id='word_1_158' title='bbox 1201 3085 1322 3126; x_wconf 90' lang='lat' dir='ltr'>summo</span> 
     </span>
     <span class='ocr_line' id='line_1_21' title="bbox 204 3174 1322 3258; baseline -0.001 -19"><span class='ocrx_word' id='word_1_159' title='bbox 204 3176 319 3239; x_wconf 89' lang='lat' dir='ltr'>comico</span> <span class='ocrx_word' id='word_1_160' title='bbox 351 3175 444 3258; x_wconf 85' lang='lat' dir='ltr'>digna</span> <span class='ocrx_word' id='word_1_161' title='bbox 474 3175 535 3238; x_wconf 91' lang='lat' dir='ltr'>nisi</span> <span class='ocrx_word' id='word_1_162' title='bbox 563 3174 789 3257; x_wconf 91' lang='lat' dir='ltr'>quodammodo</span> <span class='ocrx_word' id='word_1_163' title='bbox 820 3197 892 3238; x_wconf 93' lang='lat' dir='ltr'>cum</span> <span class='ocrx_word' id='word_1_164' title='bbox 923 3174 1100 3239; x_wconf 90' lang='lat' dir='ltr'>Promethei</span> <span class='ocrx_word' id='word_1_165' title='bbox 1123 3175 1251 3239; x_wconf 89' lang='lat' dir='ltr'>historia</span> <span class='ocrx_word' id='word_1_166' title='bbox 1275 3199 1322 3239; x_wconf 91' lang='lat' dir='ltr'>co-</span> 
     </span>
     <span class='ocr_line' id='line_1_22' title="bbox 204 3285 1323 3371; baseline -0.001 -20"><span class='ocrx_word' id='word_1_167' title='bbox 204 3289 376 3367; x_wconf 88' lang='lat' dir='ltr'>haererent,</span> <span class='ocrx_word' id='word_1_168' title='bbox 404 3289 425 3350; x_wconf 81' lang='lat' dir='ltr'>i.</span> <span class='ocrx_word' id='word_1_169' title='bbox 458 3310 484 3350; x_wconf 93' lang='lat' dir='ltr'>e.</span> <span class='ocrx_word' id='word_1_170' title='bbox 516 3287 581 3350; x_wconf 90' lang='lat' dir='ltr'>veri</span> <span class='ocrx_word' id='word_1_171' title='bbox 604 3285 782 3350; x_wconf 89' lang='lat' dir='ltr'>Promethei</span> <span class='ocrx_word' id='word_1_172' title='bbox 805 3288 964 3371; x_wconf 90' lang='lat' dir='ltr'>parodiam</span> <span class='ocrx_word' id='word_1_173' title='bbox 988 3288 1194 3351; x_wconf 90' lang='lat' dir='ltr'>continerent.</span> <span class='ocrx_word' id='word_1_174' title='bbox 1220 3288 1323 3371; x_wconf 86' lang='lat' dir='ltr'>Auge-</span> 
     </span>
     <span class='ocr_line' id='line_1_23' title="bbox 203 3400 1322 3484; baseline -0.001 -19"><span class='ocrx_word' id='word_1_175' title='bbox 203 3402 280 3465; x_wconf 87' lang='lat' dir='ltr'>bant</span> <span class='ocrx_word' id='word_1_176' title='bbox 309 3401 388 3464; x_wconf 91' lang='lat' dir='ltr'>hanc</span> <span class='ocrx_word' id='word_1_177' title='bbox 418 3401 625 3484; x_wconf 88' lang='lat' dir='ltr'>suspicionem</span> <span class='ocrx_word' id='word_1_178' title='bbox 656 3401 793 3464; x_wconf 90' lang='lat' dir='ltr'>carmina</span> <span class='ocrx_word' id='word_1_179' title='bbox 824 3400 945 3463; x_wconf 91' lang='lat' dir='ltr'>chorica</span> <span class='ocrx_word' id='word_1_180' title='bbox 978 3403 1062 3466; x_wconf 90' lang='grc'><strong>1470</strong></span> <span class='ocrx_word' id='word_1_181' title='bbox 1091 3407 1156 3483; x_wconf 85' lang='lat' dir='ltr'>sqq.</span> <span class='ocrx_word' id='word_1_182' title='bbox 1180 3408 1212 3463; x_wconf 89' lang='lat' dir='ltr'>et</span> <span class='ocrx_word' id='word_1_183' title='bbox 1237 3403 1322 3464; x_wconf 87' lang='grc'><strong>1553</strong></span> 
     </span>
     <span class='ocr_line' id='line_1_24' title="bbox 204 3513 1324 3598; baseline -0.002 -20"><span class='ocrx_word' id='word_1_184' title='bbox 204 3537 269 3598; x_wconf 89' lang='lat' dir='ltr'>sqq.</span> <span class='ocrx_word' id='word_1_185' title='bbox 302 3521 334 3577; x_wconf 86' lang='lat' dir='ltr'>et</span> <span class='ocrx_word' id='word_1_186' title='bbox 362 3513 462 3577; x_wconf 92' lang='lat' dir='ltr'>multa</span> <span class='ocrx_word' id='word_1_187' title='bbox 492 3535 571 3596; x_wconf 90' lang='lat' dir='ltr'>quae</span> <span class='ocrx_word' id='word_1_188' title='bbox 601 3514 633 3576; x_wconf 94' lang='lat' dir='ltr'>in</span> <span class='ocrx_word' id='word_1_189' title='bbox 664 3519 818 3597; x_wconf 88' lang='lat' dir='ltr'>postrema</span> <span class='ocrx_word' id='word_1_190' title='bbox 845 3514 1019 3576; x_wconf 89' lang='lat' dir='ltr'>comoediae</span> <span class='ocrx_word' id='word_1_191' title='bbox 1043 3518 1131 3598; x_wconf 90' lang='lat' dir='ltr'>parte</span> <span class='ocrx_word' id='word_1_192' title='bbox 1155 3521 1324 3598; x_wconf 89' lang='lat' dir='ltr'>supersunt</span> 
     </span>
     <span class='ocr_line' id='line_1_25' title="bbox 202 3625 1322 3711; baseline -0.002 -21"><span class='ocrx_word' id='word_1_193' title='bbox 202 3627 331 3711; x_wconf 85' lang='lat' dir='ltr'>vestigia</span> <span class='ocrx_word' id='word_1_194' title='bbox 362 3626 550 3710; x_wconf 86' lang='lat' dir='ltr'>Aesclryleae</span> <span class='ocrx_word' id='word_1_195' title='bbox 583 3625 729 3689; x_wconf 86' lang='lat' dir='ltr'>dictionis</span> <span class='ocrx_word' id='word_1_196' title='bbox 759 3627 859 3690; x_wconf 88' lang='lat' dir='ltr'>donec</span> <span class='ocrx_word' id='word_1_197' title='bbox 889 3625 985 3690; x_wconf 91' lang='lat' dir='ltr'>subiit</span> <span class='ocrx_word' id='word_1_198' title='bbox 1015 3627 1162 3709; x_wconf 86' lang='lat' dir='ltr'>cogitatio</span> <span class='ocrx_word' id='word_1_199' title='bbox 1185 3626 1322 3690; x_wconf 90' lang='lat' dir='ltr'>animum</span> 
     </span>
     <span class='ocr_line' id='line_1_26' title="bbox 159 3739 1323 3824; baseline 0 -20"><span class='ocrx_word' id='word_1_200' title='bbox 159 3805 162 3813; x_wconf 84' lang='grc'><em>,</em></span> <span class='ocrx_word' id='word_1_201' title='bbox 203 3740 253 3804; x_wconf 92' lang='lat' dir='ltr'>hic</span> <span class='ocrx_word' id='word_1_202' title='bbox 283 3740 393 3823; x_wconf 87' lang='lat' dir='ltr'>respici</span> <span class='ocrx_word' id='word_1_203' title='bbox 422 3740 566 3824; x_wconf 90' lang='lat' dir='ltr'>Aeschyli</span> <span class='ocrx_word' id='word_1_204' title='bbox 589 3739 820 3819; x_wconf 90' lang='lat' dir='ltr'>Prometheum,</span> <span class='ocrx_word' id='word_1_205' title='bbox 844 3762 909 3804; x_wconf 89' lang='lat' dir='ltr'>non</span> <span class='ocrx_word' id='word_1_206' title='bbox 932 3739 1083 3804; x_wconf 84' lang='lat' dir='ltr'>Vinctum</span> <span class='ocrx_word' id='word_1_207' title='bbox 1106 3740 1197 3804; x_wconf 91' lang='lat' dir='ltr'>illum</span> <span class='ocrx_word' id='word_1_208' title='bbox 1221 3762 1323 3823; x_wconf 91' lang='lat' dir='ltr'>neque</span> 
     </span>
     <span class='ocr_line' id='line_1_27' title="bbox 204 3852 1322 3937; baseline 0 -21"><span class='ocrx_word' id='word_1_209' title='bbox 204 3854 349 3916; x_wconf 84' lang='lat' dir='ltr'>Solutum</span> <span class='ocrx_word' id='word_1_210' title='bbox 380 3853 443 3931; x_wconf 87' lang='lat' dir='ltr'>sed,</span> <span class='ocrx_word' id='word_1_211' title='bbox 475 3852 643 3915; x_wconf 85' lang='lat' dir='ltr'>dummodo</span> <span class='ocrx_word' id='word_1_212' title='bbox 673 3852 796 3937; x_wconf 89' lang='lat' dir='ltr'>probari</span> <span class='ocrx_word' id='word_1_213' title='bbox 825 3858 928 3937; x_wconf 85' lang='lat' dir='ltr'>posset</span> <span class='ocrx_word' id='word_1_214' title='bbox 951 3853 1036 3936; x_wconf 92' lang='lat' dir='ltr'>quod</span> <span class='ocrx_word' id='word_1_215' title='bbox 1059 3853 1132 3917; x_wconf 91' lang='lat' dir='ltr'>olim</span> <span class='ocrx_word' id='word_1_216' title='bbox 1157 3852 1322 3917; x_wconf 89' lang='lat' dir='ltr'>Welckero</span> 
     </span>
     <span class='ocr_line' id='line_1_28' title="bbox 202 3963 794 4046; baseline 0 -18"><span class='ocrx_word' id='word_1_217' title='bbox 202 3963 376 4042; x_wconf 87' lang='lat' dir='ltr'>videbatur,</span> <span class='ocrx_word' id='word_1_218' title='bbox 401 3963 621 4028; x_wconf 91' lang='lat' dir='ltr'>Prometheum</span> <span class='ocrx_word' id='word_1_219' title='bbox 644 3963 794 4046; x_wconf 76' lang='grc' dir='ltr'><em>πυρφόρον.</em></span> 
     </span>
    </p>

    <p class='ocr_par' dir='ltr' id='par_1_10' title="bbox 201 4075 1322 4274">
     <span class='ocr_line' id='line_1_29' title="bbox 246 4075 1320 4162; baseline 0 -22"><span class='ocrx_word' id='word_1_220' title='bbox 246 4077 320 4141; x_wconf 89' lang='lat' dir='ltr'>Non</span> <span class='ocrx_word' id='word_1_221' title='bbox 345 4077 407 4140; x_wconf 91' lang='lat' dir='ltr'>nisi</span> <span class='ocrx_word' id='word_1_222' title='bbox 429 4076 611 4140; x_wconf 90' lang='lat' dir='ltr'>dubitanter</span> <span class='ocrx_word' id='word_1_223' title='bbox 634 4076 714 4140; x_wconf 91' lang='lat' dir='ltr'>hanc</span> <span class='ocrx_word' id='word_1_224' title='bbox 736 4080 771 4140; x_wconf 93' lang='lat' dir='ltr'>in</span> <span class='ocrx_word' id='word_1_225' title='bbox 794 4075 932 4140; x_wconf 87' lang='lat' dir='ltr'>medium</span> <span class='ocrx_word' id='word_1_226' title='bbox 955 4077 1077 4162; x_wconf 89' lang='lat' dir='ltr'>profero</span> <span class='ocrx_word' id='word_1_227' title='bbox 1102 4076 1320 4157; x_wconf 87' lang='lat' dir='ltr'>coniecturam,</span> 
     </span>
     <span class='ocr_line' id='line_1_30' title="bbox 201 4189 1322 4274; baseline 0.001 -21"><span class='ocrx_word' id='word_1_228' title='bbox 201 4212 265 4254; x_wconf 93' lang='lat' dir='ltr'>non</span> <span class='ocrx_word' id='word_1_229' title='bbox 293 4191 420 4274; x_wconf 87' lang='lat' dir='ltr'>ignarus</span> <span class='ocrx_word' id='word_1_230' title='bbox 449 4189 565 4252; x_wconf 91' lang='lat' dir='ltr'>multos</span> <span class='ocrx_word' id='word_1_231' title='bbox 595 4190 675 4254; x_wconf 83' lang='lat' dir='ltr'>viros</span> <span class='ocrx_word' id='word_1_232' title='bbox 698 4191 803 4253; x_wconf 92' lang='lat' dir='ltr'>doctos</span> <span class='ocrx_word' id='word_1_233' title='bbox 827 4190 947 4263; x_wconf 91' lang='lat' dir='ltr'>nullam</span> <span class='ocrx_word' id='word_1_234' title='bbox 971 4212 1120 4272; x_wconf 91' lang='lat' dir='ltr'>umquam</span> <span class='ocrx_word' id='word_1_235' title='bbox 1144 4190 1239 4254; x_wconf 85' lang='lat' dir='ltr'>fuisse</span> <span class='ocrx_word' id='word_1_236' title='bbox 1261 4198 1322 4254; x_wconf 91' lang='lat' dir='ltr'>tra-</span> 
     </span>
    </p>
   </div>
   <div class='ocr_carea' id='block_1_6' title="bbox 201 4293 1431 4387">
    <p class='ocr_par' dir='ltr' id='par_1_11' title="bbox 201 4293 1431 4387">
     <span class='ocr_line' id='line_1_31' title="bbox 201 4293 1431 4387; baseline 0.002 -23"><span class='ocrx_word' id='word_1_237' title='bbox 201 4303 343 4386; x_wconf 85' lang='lat' dir='ltr'>goediam</span> <span class='ocrx_word' id='word_1_238' title='bbox 373 4302 594 4366; x_wconf 89' lang='lat' dir='ltr'>Prometheum</span> <span class='ocrx_word' id='word_1_239' title='bbox 618 4303 759 4383; x_wconf 77' lang='grc' dir='ltr'><em>πνρφόρνν</em></span> <span class='ocrx_word' id='word_1_240' title='bbox 783 4293 914 4366; x_wconf 83' lang='lat' dir='ltr'>censere.</span> <span class='ocrx_word' id='word_1_241' title='bbox 935 4302 1130 4387; x_wconf 84' lang='lat' dir='ltr'>Argumenta</span> <span class='ocrx_word' id='word_1_242' title='bbox 1152 4310 1258 4367; x_wconf 86' lang='lat' dir='ltr'>tamen</span> <span class='ocrx_word' id='word_1_243' title='bbox 1281 4305 1322 4367; x_wconf 86' lang='lat' dir='ltr'>af·</span> <span class='ocrx_word' id='word_1_244' title='bbox 1428 4378 1431 4383; x_wconf 23' lang='grc' dir='ltr'>Ι</span> 
     </span>
    </p>
   </div>
   <div class='ocr_carea' id='block_1_7' title="bbox 201 4415 1157 4500">
    <p class='ocr_par' dir='ltr' id='par_1_12' title="bbox 201 4415 1157 4500">
     <span class='ocr_line' id='line_1_32' title="bbox 201 4415 1157 4500; baseline -0.001 -21"><span class='ocrx_word' id='word_1_245' title='bbox 201 4417 306 4497; x_wconf 86' lang='lat' dir='ltr'>feram,</span> <span class='ocrx_word' id='word_1_246' title='bbox 332 4438 412 4500; x_wconf 92' lang='lat' dir='ltr'>quae</span> <span class='ocrx_word' id='word_1_247' title='bbox 434 4439 474 4480; x_wconf 92' lang='lat' dir='ltr'>an</span> <span class='ocrx_word' id='word_1_248' title='bbox 498 4417 572 4480; x_wconf 89' lang='lat' dir='ltr'>satis</span> <span class='ocrx_word' id='word_1_249' title='bbox 593 4415 682 4479; x_wconf 88' lang='lat' dir='ltr'>firma</span> <span class='ocrx_word' id='word_1_250' title='bbox 704 4417 768 4480; x_wconf 90' lang='lat' dir='ltr'>sint</span> <span class='ocrx_word' id='word_1_251' title='bbox 791 4417 951 4500; x_wconf 88' lang='lat' dir='ltr'>peritiores</span> <span class='ocrx_word' id='word_1_252' title='bbox 975 4415 1157 4480; x_wconf 87' lang='lat' dir='ltr'>diiudicent.</span> 
     </span>
    </p>
   </div>
   <div class='ocr_carea' id='block_1_8' title="bbox 0 0 1614 5370">
    <p class='ocr_par' dir='ltr' id='par_1_13' title="bbox 0 0 1614 5370">
     <span class='ocr_line' id='line_1_33' title="bbox 0 0 1614 5370; baseline 0 1"><span class='ocrx_word' id='word_1_253' title='bbox 0 0 1614 5370; x_wconf 95' lang='lat' dir='ltr'> </span> 
     </span>
    </p>
   </div>
  </div>
 </body>
</html>
