3218 5370
303 659 344 721 86
796 678 882 722 avua

325 848 420 911 Recte
451 847 556 912 Kock:
580 848 700 926 „Aueh
721 848 804 911 diese
828 847 924 912 Verse
950 847 1049 911 haben
1074 846 1183 911 wieder
1207 871 1285 932 ganz
1309 847 1402 932 tragi-

279 960 379 1038 „sohe
403 960 567 1045 Fdrbung'’
593 961 703 1024 Aesoh.
728 960 866 1046 Choeph.
894 964 968 1039 261,
994 960 1087 1045 Soph.
1113 959 1190 1023 Oed.
1216 960 1281 1025 Col.
1304 963 1400 1040 1495,

280 1074 354 1137 Eur.
388 1075 456 1137 Ale.
496 1077 578 1137 1156
615 1082 647 1138 et
684 1075 792 1158 fragm.
825 1074 993 1138 Plisthenis
1026 1076 1105 1138 630:
1138 1079 1338 1155 μηλοσφαγεῖ
1369 1099 1402 1139 τε

279 1185 422 1263 δαιμίνυν
452 1187 499 1251 ἐπ’
531 1187 673 1268 ε’σχοίραις
705 1189 794 1251 ouius
821 1188 1000 1250 meminisse
1025 1188 1150 1251 videtur
1174 1187 1401 1272 Aristophanes

281 1321 353 1363 eum
381 1323 425 1362 vs.
461 1303 545 1362 1232
577 1301 709 1384 scripsit.
741 1300 952 1384 „Euripidem
977 1299 1131 1364 addidisse
1155 1301 1294 1384 suspicor
1317 1304 1401 1382 κνισρῖ

280 1411 335 1490 ,,τ’
357 1412 486 1490 α’χυιοίς”
509 1411 633 1475 Nauck.

282 1635 337 1700 Vs.
364 1629 468 1699 1238.
501 1632 522 1700 d
546 1641 631 1716 μῶρε,
657 1640 743 1716 μῶρε,
768 1635 812 1713 μὴ
836 1639 901 1700 θεῶν
924 1636 991 1700 κίνει
1014 1636 1123 1717 φρένας

504 1750 601 1822 δείσας
624 1747 700 1821 ὅπως
725 1752 767 1828 μιί
791 1774 841 1814 σου
865 1749 947 1827 γένος
971 1751 1148 1831 πανώλεθρον

505 1865 572 1933 Διὸς
596 1862 735 1941 μακέλλρ
760 1868 820 1926 πῶν
843 1863 1020 1944 ῶναστρὲψει
1045 1864 1129 1937 Δίκη.

327 1976 426 2040 Sehol.
453 1977 520 2048 Διὸς
533 1976 670 2055 μακέλλρ
682 2003 688 2038 :
702 1976 787 2040 τοῦτο’
798 1982 872 2057 Φνσι
885 1977 968 2057 παροδ
980 1977 1012 2040 τὸ
1024 1982 1217 2055 Σοφόκλειονε
1229 1986 1325 2057 χρυσῇ
1342 1977 1399 2062 (2)

282 2089 420 2169 μακέλλρ
441 2091 529 2162 Ζηνὸς
552 2087 771 2169 ἑξανιιστραφῇ.
797 2089 835 2152 fr.
861 2091 924 2151 654
949 2089 1001 2169 N„
1029 2089 1089 2152 767
1115 2089 1153 2152 D.
1186 2088 1275 2168 Quae
1298 2095 1403 2152 tamen

159 2254 164 2264 .
280 2201 372 2266 verba
395 2225 466 2265 eum
490 2201 722 2286 Aristophaneis
745 2202 870 2265 nonita
894 2203 1084 2265 conveniunt
1109 2209 1146 2264 ut
1169 2201 1207 2266 de
1230 2203 1403 2266 imitatione

282 2317 418 2399 cogitare
446 2315 548 2378 liceat.
584 2316 702 2378 Eodem
734 2315 801 2378 iure
831 2315 961 2378 affirmes
984 2322 1106 2399 poetam
1125 2315 1269 2379 retulisse
1290 2315 1401 2378 Aesoh.

282 2433 342 2514 Ag.
365 2433 445 2493 525:
471 2429 576 2509 Τροίαν
599 2427 846 2507 κατασκάψαντα
864 2432 916 2492 τοῦ
940 2427 1093 2508 δικηφόρου
1113 2424 1118 2515 Ι
1140 2427 1207 2499 Διὸς
1230 2427 1379 2508 μακέλλρ.

325 2543 474 2607 Eiusdem
506 2543 654 2605 orationis
677 2564 720 2604 vs.
749 2543 833 2604 1238
859 2537 880 2604 ῶ
904 2546 989 2621 μῶρε,
1014 2542 1065 2605 κτὲ
1087 2540 1287 2624 Aeschyleam
1307 2541 1404 2624 spirat

282 2658 474 2742 gravitatem.
501 2657 670 2739 Sequentia
695 2677 837 2738 quoque:

283 2892 337 2957 Vs.
365 2887 468 2955 1241.
500 2893 600 2970 λιγνὺς
624 2893 654 2957 δὲ
678 2896 767 2969 σῶμα
790 2890 841 2955 καί
866 2889 960 2968 δόμων
984 2892 1170 2971 περιπτυχοὶς

503 3006 717 3070 καταιθαλώσει
740 3028 790 3068 σου
814 3002 990 3081 Λικυμνίαις
1014 3003 1131 3080 βολαῖς.

284 3144 300 3183 e
329 3121 487 3203 tragoedia
512 3120 664 3202 originem
690 3120 803 3182 ducere
827 3140 918 3181 nemo
941 3140 1004 3180 non
1028 3116 1117 3179 vidit.
1143 3114 1341 3196 Περιπτυχαὶ,
1366 3123 1403 3179 ut

283 3232 455 3296 observavit
484 3231 572 3295 Koak
605 3231 688 3316 apud
723 3253 822 3294 unum
853 3223 1036 3314 Euripidem
1073 3230 1217 3292 ooourrit.
1253 3229 1403 3292 Καταιία-

282 3349 349 3408 λοῶν
384 3344 495 3407 Aesoh.
530 3345 568 3407 fr.
604 3347 664 3406 155
698 3344 751 3423 N„
785 3345 846 3408 157
881 3342 931 3422 D.,
957 3333 1059 3406 Prom.
1086 3345 1149 3405 992
1158 3368 1167 3419 3
1191 3340 1267 3404 Eur.
1293 3339 1403 3426 Suppl.

285 3461 358 3521 640.
384 3456 430 3519 Of.
454 3455 613 3520 Herwerd.
640 3456 678 3518 ad
702 3456 770 3519 Ion.
797 3459 870 3519 215.

327 3569 486 3646 Λικύμνιαι
511 3567 602 3645 βολαὶ
628 3590 706 3651 quae
731 3568 794 3631 sint
816 3569 996 3652 perdifficile
1020 3575 1067 3632 est
1089 3549 1188 3631 diotuss
1212 3567 1404 3631 Referuntur
1516 3588 1517 3592 ’

282 3706 300 3746 a
331 3681 509 3745 Scholiastis
533 3682 571 3744 ad
591 3679 798 3765 Euripideum
823 3680 928 3743 drama
952 3681 1161 3765 Licymnium,
1186 3680 1239 3744 sed
1263 3703 1343 3764 quae
1365 3680 1403 3744 ab

221 3789 223 3793 ¹
282 3795 319 3858 iis
351 3793 439 3857 nobis
469 3793 584 3856 tradita
616 3800 689 3856 sunt
712 3793 857 3878 „partim
881 3801 1027 3878 corrupta
1051 3800 1135 3871 sunt,
1160 3795 1274 3878 partim
1298 3793 1336 3857 ab
1360 3794 1404 3857 in-

281 3906 501 3992 „terpretibus
525 3907 648 3991 scripta,
674 3908 728 3990 qui
752 3907 790 3970 de
814 3906 975 3991 Licymnio
999 3907 1078 3970 nihil
1102 3908 1236 3970 seirent''
1256 3906 1402 3992 (Nauck).

282 4020 369 4100 Quid
400 4021 483 4083 enim
514 4020 672 4104 proficitur
704 4020 802 4083 hisce:
836 4019 902 4092 ίσοις
935 4020 948 4083 ὁ
972 4019 1130 4096 Λικύμνιος
1154 4020 1300 4101 ἐνεπύρισε
1321 4024 1402 4083 τινῶν

281 4134 380 4206 οἰκίας,
417 4140 488 4196 aut:
525 4133 709 4214 ἡμίφλεκτον
739 4157 805 4197 τινα
835 4133 945 4210 εἰσοίχει
977 4133 1017 4204 είς
1048 4132 1167 4197 τοτοῶτί
1198 4158 1226 4196 τι
1259 4133 1302 4221 (τι
1325 4132 1404 4211 λέγει

281 4244 381 4331 Ven.)
415 4246 657 4327 κεκεραυνιομίνον
680 4248 739 4310 οίπὸ
763 4255 816 4320 τῆς
840 4246 1035 4327 περιστοίσειος
1058 4247 1175 4319 ε’κείνκς,
1201 4253 1273 4309 aut:
1298 4247 1327 4309 ἕν
1348 4256 1403 4309 Λι-

262 4359 390 4438 ,κυμνίιρ
414 4360 545 4438 δροίματι
569 4360 727 4439 Εὐριπίδου
751 4359 872 4437 εἰσήχθη
892 4384 936 4431 τις
956 4359 1271 4440 κεραυνοβολούμενοςῗ
1291 4359 1403 4442 Neque
