3218 5370
308 612 350 672 96
808 630 894 674 avus

284 801 366 859 certe
388 794 426 858 ab
449 795 686 879 elegantissimis
708 802 740 858 ct
760 796 985 860 venustissimis
1003 796 1123 860 Avibus
1142 797 1243 861 aliena
1256 798 1401 878 videtur,

285 908 348 972 imo
371 915 435 971 tam
459 910 570 972 mirum
595 914 642 972 est
664 908 756 972 hocce
780 909 943 972 inventum
967 915 1004 972 ut
1023 916 1209 994 spectatores
1228 934 1291 974 non
1310 912 1405 976 luisse

285 1021 497 1085 intellecturos
528 1043 623 1104 quare
653 1023 865 1105 excogitasset,
902 1021 983 1085 unde
1006 1022 1160 1087 hausisset
1181 1028 1213 1086 et
1237 1024 1313 1106 quid
1338 1031 1405 1088 tan·

285 1133 355 1197 dem
377 1139 507 1218 peteret,
532 1133 673 1196 arbitrer.

331 1246 391 1309 Sed
413 1246 574 1330 perspicua
596 1246 678 1309 fiunt
700 1246 804 1309 omnia
828 1251 859 1308 et
882 1246 964 1309 salva
989 1253 1035 1309 est
1058 1246 1178 1326 facetia,
1200 1247 1226 1310 si
1245 1248 1302 1311 sub
1323 1249 1406 1313 Aris·

285 1359 429 1442 tophanis
458 1358 641 1421 Prometheo
671 1359 825 1422 delitescit
857 1358 1055 1442 Aeschyleus,
1088 1359 1143 1441 qui
1173 1360 1251 1423 clam
1273 1363 1349 1424 Jove
1372 1363 1405 1425 in

284 1469 402 1534 Lemno
437 1470 539 1534 insula
573 1476 710 1534 montem
742 1470 941 1554 Mosychlum
971 1471 1132 1534 adscendit
1155 1480 1187 1535 et
1212 1495 1249 1536 ex
1268 1471 1404 1537 Vulcani

286 1584 405 1647 officina
427 1583 577 1647 scintillas
600 1584 715 1668 rapuit.
741 1583 916 1664 Quamnam
941 1583 999 1647 sibi
1024 1584 1077 1648 ille
1100 1584 1239 1649 induerit
1260 1587 1404 1670 speciem,

285 1719 325 1760 an
349 1696 458 1760 velarit
482 1703 577 1781 capnt
600 1719 640 1759 ne
663 1719 680 1759 a
704 1695 772 1760 Diis
796 1704 1014 1780 agnosceretur
1037 1721 1099 1761 uon
1122 1699 1322 1762 tradiderunt
1342 1722 1405 1783 my-

285 1810 449 1894 thcgraphi
471 1810 524 1873 sed
547 1808 638 1890 λάθρκ
664 1809 732 1881 Διός
756 1810 872 1894 (Apoll.
896 1809 978 1873 Bibl.
1004 1811 1020 1873 1
1044 1813 1073 1888 7,
1097 1814 1126 1895 1)
1145 1834 1216 1874 eum
1237 1813 1335 1896 egisse
1352 1836 1405 1877 no-

284 1927 353 1984 tum
377 1929 433 1985 est.

329 2035 368 2098 In
398 2035 551 2118 colloquio
580 2057 651 2098 curn
675 2034 870 2099 Peithetaero
894 2037 1044 2119 originem
1069 2037 1271 2121 Aeschyleam
1294 2037 1405 2102 habuit
1472 2049 1474 2052 ’

284 2149 411 2212 fortasse
436 2148 620 2212 vocabulum
644 2147 784 2224 βουλυπός
809 2149 950 2230 (Homeri
972 2155 1018 2212 est
1041 2150 1224 2232 βουλυτόνδε)
1248 2158 1279 2214 et
1292 2151 1403 2216 deinde

174 2338 178 2344 .
284 2261 448 2326 consilium
479 2261 656 2325 Promethei
687 2285 729 2324 vs.
764 2264 849 2323 1531
880 2282 957 2344 sqq,
982 2261 1035 2324 ubi
1059 2263 1242 2326 adhortatur
1265 2287 1337 2328 aves
1360 2288 1401 2328 ne

285 2398 355 2439 curn
390 2379 464 2440 Jove
493 2376 688 2460 paciscantur
719 2375 778 2438 nisi
810 2375 847 2438 iis
877 2374 1029 2438 Basileam
1050 2376 1222 2455 tradiderit,
1248 2399 1327 2460 quae
1351 2378 1401 2441 ad-

284 2489 420 2553 hortatio
450 2511 537 2552 suam
569 2488 694 2552 demum
724 2490 787 2551 vim
820 2487 913 2551 habet
936 2488 961 2550 si
985 2495 1076 2572 poeta
1098 2488 1182 2551 ludit
1205 2489 1242 2552 iis
1266 2489 1400 2572 quaein

284 2602 386 2666 Prom.
409 2608 499 2683 πυρῷ.
525 2603 609 2666 dicta
632 2609 733 2666 essent
752 2603 790 2665 de
808 2602 947 2686 potentia
966 2624 1057 2684 quam
1079 2601 1142 2664 suis
1161 2601 1317 2666 beneficiis
1329 2602 1402 2665 Pro·
1433 2648 1437 2654 -

285 2715 426 2778 matheus
449 2714 517 2778 Diis
539 2716 672 2799 eriperet
695 2721 726 2778 et
749 2737 819 2778 cum
844 2713 1023 2778 hominibus
1047 2715 1298 2778 communicaret.
1323 2713 1402 2778 Con·

284 2828 456 2892 cedendum
476 2835 522 2891 est
538 2827 665 2910 quidem
681 2850 834 2910 nusquam
847 2828 880 2891 in
892 2826 927 2890 P.
942 2827 1056 2891 Vincta
1069 2827 1171 2895 dicere¹
1182 2827 1400 2891 Prometheum

284 2941 447 3026 imperium
471 2941 558 3004 Jovis
580 2941 665 3004 furto
688 2939 819 3003 Lemnio
844 2962 984 3003 eversum
1008 2940 1045 3004 iri
1069 2963 1170 3024 neque
1189 2941 1241 3013 rhu
1263 2941 1331 3013 Διὸς
1350 2965 1402 3004 πυ-

282 3055 404 3134 ραλλίδα
436 3053 474 3116 ad
496 3054 638 3117 'homines
661 3053 849 3117 translatum
873 3054 909 3116 iri
935 3055 1015 3136 (cum
1041 3053 1137 3117 huius
1159 3054 1281 3139 imperii
1301 3055 1402 3118 exitus

283 3167 374 3229 aliam
405 3166 533 3230 haberet
563 3188 696 3243 causam,
720 3165 955 3229 matrimonium
978 3165 1087 3250 Jovis),
1111 3173 1143 3228 at
1165 3168 1270 3251 potuit
1292 3174 1398 3231 tamen

284 3277 319 3342 P.
344 3279 376 3342 in
399 3284 489 3359 πυρῷ.
515 3277 658 3363 superbia
683 3279 783 3342 elatus
807 3278 932 3361 gloriari
955 3301 986 3341 se
1011 3301 1066 3364 per
1089 3285 1169 3342 artes
1194 3280 1400 3363 scientiasque

283 3391 424 3457 homines
453 3392 541 3476 regni
571 3392 656 3456 Jovis
679 3392 844 3478 participes
868 3388 1024 3456 facturum
1048 3417 1123 3471 esse,
1148 3416 1249 3477 neque
1272 3392 1310 3457 ab
1335 3395 1402 3458 eius

282 3504 457 3568 charactere
488 3505 633 3568 abhorret
662 3506 859 3569 exclamatio:
895 3506 1047 3570 dathum
1073 3507 1116 3590 (in
1141 3513 1219 3590 trag.
1245 3506 1363 3591 ὄλωλεν)
1388 3508 1401 3570 ὁ

229 3619 234 3627 ’
284 3616 356 3689 Ζεύς
382 3640 425 3680 vs.
451 3620 546 3696 1514,
570 3618 590 3680 i.
616 3625 767 3681 caetum
791 3625 837 3682 est
861 3618 899 3682 de
923 3619 1008 3683 Jovis
1031 3626 1195 3704 potestate,
1219 3643 1312 3704 quarn
1337 3621 1403 3685 Pei·

282 3731 462 3794 thethaerus
481 3737 630 3814 tanquam
654 3732 761 3795 mortis
784 3733 932 3796 nuntium
956 3733 1083 3818 accepit.
1108 3731 1223 3797 Versus
1249 3736 1331 3799 1547

465 3883 466 3886 =
504 3848 579 3920 μισῶ
602 3842 770 3917 δ’ἅπανπας
793 3846 859 3918 τοὺς
880 3846 965 3919 θεοὺς,
990 3848 1027 3918 ὡς
1050 3841 1130 3910 aloda
1153 3846 1189 3909 σύ

282 3958 315 4022 in
338 3957 517 4021 memoriam
541 3966 663 4021 revocat
687 3957 790 4022 Prom.
816 3959 890 4022 975.

503 4070 591 4150 ἁπλῷ
613 4070 692 4151 λόγῳ
714 4071 780 4142 τοὺς
805 4070 923 4143 πάντας
945 4072 1066 4153 ἐχθαίρω
1091 4072 1178 4144 θεούς.

326 4183 386 4247 Sed
427 4184 621 4247 luculentius
656 4191 783 4269 apparet
817 4184 947 4268 parodia
981 4187 1014 4248 in
1049 4184 1238 4249 carminibus
1273 4185 1400 4250 choricis

283 4299 367 4362 1470
391 4319 456 4380 sqq.
483 4299 568 4359 1553
592 4320 656 4381 sqq.
682 4296 836 4361 Describit
860 4296 904 4360 ibi
928 4303 1019 4381 poeta
1038 4298 1158 4363 abditas
1179 4306 1280 4363 terrae
1298 4305 1401 4383 partes

281 4429 361 4499 quae
391 4430 462 4472 curn
494 4409 609 4472 Avium
632 4415 815 4494 argumento
838 4410 919 4473 nihil
942 4433 1103 4474 commune
1127 4409 1255 4492 habent,
1281 4412 1402 4497 aptissi-
