<?xml version="1.0" encoding="UTF-8"?>
<!DOCTYPE html PUBLIC "-//W3C//DTD XHTML 1.0 Transitional//EN"
    "http://www.w3.org/TR/xhtml1/DTD/xhtml1-transitional.dtd">
<html xmlns="http://www.w3.org/1999/xhtml" xml:lang="en" lang="en">
 <head>
  <title>
</title>
<meta http-equiv="Content-Type" content="text/html;charset=utf-8" />
  <meta name='ocr-system' content='tesseract 3.04.00' />
  <meta name='ocr-capabilities' content='ocr_page ocr_carea ocr_par ocr_line ocrx_word'/>
</head>
<body>
  <div class='ocr_page' id='page_1' title='image "./deparodiaincomo00bakhgoog_0110.png"; bbox 0 0 3218 5370; ppageno 0'>
   <div class='ocr_carea' id='block_1_1' title="bbox 1299 587 1339 649">
    <p class='ocr_par' dir='ltr' id='par_1_1' title="bbox 1299 587 1339 649">
     <span class='ocr_line' id='line_1_1' title="bbox 1299 587 1339 649; baseline 0.075 -3"><span class='ocrx_word' id='word_1_1' title='bbox 1299 587 1339 649; x_wconf 82' lang='lat'><strong>97</strong></span> 
     </span>
    </p>
   </div>
   <div class='ocr_carea' id='block_1_2' title="bbox 240 766 1367 2096">
    <p class='ocr_par' dir='ltr' id='par_1_2' title="bbox 240 766 1361 1079">
     <span class='ocr_line' id='line_1_2' title="bbox 242 766 1359 851; baseline -0.003 -18"><span class='ocrx_word' id='word_1_2' title='bbox 242 792 328 832; x_wconf 90' lang='lat' dir='ltr'><strong>mum</strong></span> <span class='ocrx_word' id='word_1_3' title='bbox 363 775 469 832; x_wconf 89' lang='lat' dir='ltr'><strong>contra</strong></span> <span class='ocrx_word' id='word_1_4' title='bbox 498 768 531 830; x_wconf 91' lang='lat' dir='ltr'><strong>in</strong></span> <span class='ocrx_word' id='word_1_5' title='bbox 563 767 726 851; x_wconf 86' lang='lat' dir='ltr'><strong>Aeschylei</strong></span> <span class='ocrx_word' id='word_1_6' title='bbox 757 766 934 830; x_wconf 79' lang='lat' dir='ltr'>Promethei</span> <span class='ocrx_word' id='word_1_7' title='bbox 965 767 1092 831; x_wconf 86' lang='lat' dir='ltr'><strong>historia</strong></span> <span class='ocrx_word' id='word_1_8' title='bbox 1121 774 1231 831; x_wconf 84' lang='lat' dir='ltr'><strong>tenent</strong></span> <span class='ocrx_word' id='word_1_9' title='bbox 1255 770 1359 832; x_wconf 91' lang='lat' dir='ltr'><strong>locum</strong></span> 
     </span>
     <span class='ocr_line' id='line_1_3' title="bbox 243 881 1361 966; baseline -0.001 -20"><span class='ocrx_word' id='word_1_10' title='bbox 243 884 268 946; x_wconf 91' lang='lat' dir='ltr'><strong>si</strong></span> <span class='ocrx_word' id='word_1_11' title='bbox 297 883 456 946; x_wconf 88' lang='lat' dir='ltr'><strong>involucra</strong></span> <span class='ocrx_word' id='word_1_12' title='bbox 485 881 629 966; x_wconf 81' lang='lat' dir='ltr'><strong>perediae</strong></span> <span class='ocrx_word' id='word_1_13' title='bbox 659 903 835 944; x_wconf 81' lang='lat' dir='ltr'><strong>amovemus</strong></span> <span class='ocrx_word' id='word_1_14' title='bbox 859 887 890 943; x_wconf 93' lang='lat' dir='ltr'><strong>et</strong></span> <span class='ocrx_word' id='word_1_15' title='bbox 913 904 984 944; x_wconf 89' lang='lat' dir='ltr'><strong>vera</strong></span> <span class='ocrx_word' id='word_1_16' title='bbox 1004 881 1200 945; x_wconf 75' lang='lat' dir='ltr'><strong>restituimus</strong></span> <span class='ocrx_word' id='word_1_17' title='bbox 1225 882 1361 960; x_wconf 84' lang='lat' dir='ltr'><strong>nomina,</strong></span> 
     </span>
     <span class='ocr_line' id='line_1_4' title="bbox 240 994 981 1079; baseline -0.004 -20"><span class='ocrx_word' id='word_1_18' title='bbox 240 1018 320 1079; x_wconf 89' lang='lat' dir='ltr'><strong>quae</strong></span> <span class='ocrx_word' id='word_1_19' title='bbox 342 1018 426 1058; x_wconf 89' lang='lat' dir='ltr'><strong>nunc</strong></span> <span class='ocrx_word' id='word_1_20' title='bbox 449 996 538 1078; x_wconf 89' lang='lat' dir='ltr'><strong>quasi</strong></span> <span class='ocrx_word' id='word_1_21' title='bbox 562 1017 616 1079; x_wconf 88' lang='lat' dir='ltr'><strong>per</strong></span> <span class='ocrx_word' id='word_1_22' title='bbox 640 994 806 1078; x_wconf 83' lang='lat' dir='ltr'><strong>caliginem</strong></span> <span class='ocrx_word' id='word_1_23' title='bbox 832 994 981 1057; x_wconf 90' lang='lat' dir='ltr'><strong>videmus.</strong></span> 
     </span>
    </p>

    <p class='ocr_par' dir='ltr' id='par_1_3' title="bbox 243 1106 1367 1758">
     <span class='ocr_line' id='line_1_5' title="bbox 287 1106 1362 1192; baseline 0 -20"><span class='ocrx_word' id='word_1_24' title='bbox 287 1110 325 1172; x_wconf 90' lang='lat' dir='ltr'><strong>In</strong></span> <span class='ocrx_word' id='word_1_25' title='bbox 347 1116 517 1192; x_wconf 89' lang='lat' dir='ltr'><strong>utrumque</strong></span> <span class='ocrx_word' id='word_1_26' title='bbox 541 1131 634 1191; x_wconf 93' lang='lat' dir='ltr'><strong>quem</strong></span> <span class='ocrx_word' id='word_1_27' title='bbox 653 1109 795 1171; x_wconf 86' lang='lat' dir='ltr'><strong>novimus</strong></span> <span class='ocrx_word' id='word_1_28' title='bbox 818 1106 1039 1171; x_wconf 79' lang='lat' dir='ltr'><strong>Prometheum</strong></span> <span class='ocrx_word' id='word_1_29' title='bbox 1063 1109 1181 1172; x_wconf 90' lang='lat' dir='ltr'><strong>multae</strong></span> <span class='ocrx_word' id='word_1_30' title='bbox 1193 1115 1362 1172; x_wconf 87' lang='lat' dir='ltr'><strong>occurrunt</strong></span> 
     </span>
     <span class='ocr_line' id='line_1_6' title="bbox 243 1220 1366 1307; baseline -0.001 -22"><span class='ocrx_word' id='word_1_31' title='bbox 243 1230 334 1286; x_wconf 89' lang='lat' dir='ltr'><strong>notae</strong></span> <span class='ocrx_word' id='word_1_32' title='bbox 365 1221 598 1307; x_wconf 83' lang='lat' dir='ltr'><strong>geographicae,</strong></span> <span class='ocrx_word' id='word_1_33' title='bbox 629 1221 673 1283; x_wconf 87' lang='lat' dir='ltr'><strong>ita</strong></span> <span class='ocrx_word' id='word_1_34' title='bbox 702 1228 740 1283; x_wconf 90' lang='lat' dir='ltr'><strong>ut</strong></span> <span class='ocrx_word' id='word_1_35' title='bbox 771 1220 896 1283; x_wconf 91' lang='lat' dir='ltr'><strong>minime</strong></span> <span class='ocrx_word' id='word_1_36' title='bbox 928 1221 969 1284; x_wconf 92' lang='lat' dir='ltr'><strong>sit</strong></span> <span class='ocrx_word' id='word_1_37' title='bbox 999 1220 1175 1284; x_wconf 89' lang='lat' dir='ltr'><strong>mirandum</strong></span> <span class='ocrx_word' id='word_1_38' title='bbox 1198 1221 1366 1285; x_wconf 90' lang='lat' dir='ltr'><strong>nonnullas</strong></span> 
     </span>
     <span class='ocr_line' id='line_1_7' title="bbox 244 1333 1367 1416; baseline 0 -17"><span class='ocrx_word' id='word_1_39' title='bbox 244 1337 336 1399; x_wconf 89' lang='lat' dir='ltr'><strong>etiam</strong></span> <span class='ocrx_word' id='word_1_40' title='bbox 371 1336 403 1398; x_wconf 91' lang='lat' dir='ltr'><strong>iu</strong></span> <span class='ocrx_word' id='word_1_41' title='bbox 438 1333 576 1415; x_wconf 70' lang='grc' dir='ltr'><em>Πνρφόρω</em></span> <span class='ocrx_word' id='word_1_42' title='bbox 611 1334 753 1411; x_wconf 89' lang='lat' dir='ltr'><strong>inveniri,</strong></span> <span class='ocrx_word' id='word_1_43' title='bbox 785 1334 818 1396; x_wconf 89' lang='lat' dir='ltr'><strong>in</strong></span> <span class='ocrx_word' id='word_1_44' title='bbox 850 1355 912 1416; x_wconf 92' lang='lat' dir='ltr'><strong>quo</strong></span> <span class='ocrx_word' id='word_1_45' title='bbox 941 1335 1080 1397; x_wconf 82' lang='lat' dir='ltr'><strong>dramate</strong></span> <span class='ocrx_word' id='word_1_46' title='bbox 1107 1335 1156 1398; x_wconf 86' lang='lat' dir='ltr'><strong>via</strong></span> <span class='ocrx_word' id='word_1_47' title='bbox 1180 1342 1260 1398; x_wconf 91' lang='lat' dir='ltr'><strong>esset</strong></span> <span class='ocrx_word' id='word_1_48' title='bbox 1283 1358 1367 1399; x_wconf 92' lang='lat' dir='ltr'><strong>mon-</strong></span> 
     </span>
     <span class='ocr_line' id='line_1_8' title="bbox 244 1447 1366 1532; baseline 0 -19"><span class='ocrx_word' id='word_1_49' title='bbox 244 1449 371 1513; x_wconf 87' lang='lat' dir='ltr'><strong>stranda</strong></span> <span class='ocrx_word' id='word_1_50' title='bbox 402 1470 464 1532; x_wconf 87' lang='lat' dir='ltr'><strong>qna</strong></span> <span class='ocrx_word' id='word_1_51' title='bbox 495 1448 696 1512; x_wconf 88' lang='lat' dir='ltr'><strong>abducendus</strong></span> <span class='ocrx_word' id='word_1_52' title='bbox 724 1454 804 1512; x_wconf 89' lang='lat' dir='ltr'><strong>esset</strong></span> <span class='ocrx_word' id='word_1_53' title='bbox 825 1447 1028 1511; x_wconf 85' lang='lat' dir='ltr'><strong>Prometheus</strong></span> <span class='ocrx_word' id='word_1_54' title='bbox 1051 1450 1084 1511; x_wconf 91' lang='lat' dir='ltr'><strong>in</strong></span> <span class='ocrx_word' id='word_1_55' title='bbox 1107 1450 1210 1528; x_wconf 74' lang='grc' dir='ltr'><em>χθονὸς</em></span> <span class='ocrx_word' id='word_1_56' title='bbox 1233 1451 1366 1530; x_wconf 76' lang='grc' dir='ltr'><em>σνλοορδν</em></span> 
     </span>
     <span class='ocr_line' id='line_1_9' title="bbox 243 1561 1366 1647; baseline -0.002 -21"><span class='ocrx_word' id='word_1_57' title='bbox 243 1562 339 1627; x_wconf 83' lang='grc' dir='ltr'><strong>σε’δον.</strong></span> <span class='ocrx_word' id='word_1_58' title='bbox 363 1565 449 1626; x_wconf 89' lang='lat' dir='ltr'><strong>Haeo</strong></span> <span class='ocrx_word' id='word_1_59' title='bbox 473 1561 554 1625; x_wconf 89' lang='lat' dir='ltr'><strong>orbis</strong></span> <span class='ocrx_word' id='word_1_60' title='bbox 577 1568 730 1625; x_wconf 88' lang='lat' dir='ltr'><strong>terrarum</strong></span> <span class='ocrx_word' id='word_1_61' title='bbox 754 1584 825 1646; x_wconf 89' lang='lat' dir='ltr'><strong>pars</strong></span> <span class='ocrx_word' id='word_1_62' title='bbox 848 1562 887 1624; x_wconf 90' lang='lat' dir='ltr'><strong>ad</strong></span> <span class='ocrx_word' id='word_1_63' title='bbox 903 1563 1130 1647; x_wconf 86' lang='lat' dir='ltr'><strong>septentriones</strong></span> <span class='ocrx_word' id='word_1_64' title='bbox 1151 1561 1296 1646; x_wconf 85' lang='lat' dir='ltr'><strong>vergebat</strong></span> <span class='ocrx_word' id='word_1_65' title='bbox 1304 1589 1312 1641; x_wconf 82' lang='lat'>3</span> <span class='ocrx_word' id='word_1_66' title='bbox 1333 1562 1366 1625; x_wconf 90' lang='lat' dir='ltr'><strong>in</strong></span> 
     </span>
     <span class='ocr_line' id='line_1_10' title="bbox 244 1675 1191 1758; baseline 0 -20"><span class='ocrx_word' id='word_1_67' title='bbox 244 1676 350 1739; x_wconf 89' lang='lat' dir='ltr'><strong>eadem</strong></span> <span class='ocrx_word' id='word_1_68' title='bbox 374 1676 499 1758; x_wconf 86' lang='lat' dir='ltr'><strong>regione</strong></span> <span class='ocrx_word' id='word_1_69' title='bbox 522 1675 727 1738; x_wconf 88' lang='lat' dir='ltr'><strong>inveniuntur</strong></span> <span class='ocrx_word' id='word_1_70' title='bbox 752 1675 818 1737; x_wconf 90' lang='lat' dir='ltr'><strong>loca</strong></span> <span class='ocrx_word' id='word_1_71' title='bbox 842 1698 859 1737; x_wconf 90' lang='lat' dir='ltr'><strong>a</strong></span> <span class='ocrx_word' id='word_1_72' title='bbox 884 1675 977 1739; x_wconf 88' lang='lat' dir='ltr'><strong>choro</strong></span> <span class='ocrx_word' id='word_1_73' title='bbox 1001 1681 1191 1738; x_wconf 89' lang='lat' dir='ltr'><strong>enumerata.</strong></span> 
     </span>
    </p>

    <p class='ocr_par' dir='ltr' id='par_1_4' title="bbox 335 1787 885 2096">
     <span class='ocr_line' id='line_1_11' title="bbox 335 1787 885 1869; baseline 0.002 -17"><span class='ocrx_word' id='word_1_74' title='bbox 335 1790 430 1852; x_wconf 76' lang='lat'>1473.</span> <span class='ocrx_word' id='word_1_75' title='bbox 455 1787 516 1851; x_wconf 74' lang='grc' dir='ltr'><em>ἔστι</em></span> <span class='ocrx_word' id='word_1_76' title='bbox 540 1787 597 1869; x_wconf 66' lang='grc' dir='ltr'><strong>γὰρ</strong></span> <span class='ocrx_word' id='word_1_77' title='bbox 620 1787 730 1869; x_wconf 76' lang='grc' dir='ltr'><em>δένδρον</em></span> <span class='ocrx_word' id='word_1_78' title='bbox 752 1790 885 1869; x_wconf 70' lang='grc' dir='ltr'><strong>πεφυκὸς</strong></span> 
     </span>
     <span class='ocr_line' id='line_1_12' title="bbox 457 1901 752 1982; baseline -0.003 -17"><span class='ocrx_word' id='word_1_79' title='bbox 457 1949 551 1965; x_wconf 87' lang='grc'><strong>.....</strong></span> <span class='ocrx_word' id='word_1_80' title='bbox 576 1901 695 1982; x_wconf 77' lang='grc' dir='ltr'><em>κωρδίοις</em></span> <span class='ocrx_word' id='word_1_81' title='bbox 719 1902 752 1964; x_wconf 77' lang='grc' dir='ltr'><strong>οὶ-</strong></span> 
     </span>
     <span class='ocr_line' id='line_1_13' title="bbox 454 2015 577 2096; baseline 0 -18"><span class='ocrx_word' id='word_1_82' title='bbox 454 2015 577 2096; x_wconf 80' lang='grc' dir='ltr'><em>σωσέρω.</em></span> 
     </span>
    </p>
   </div>
   <div class='ocr_carea' id='block_1_3' title="bbox 243 2128 1369 4469">
    <p class='ocr_par' dir='ltr' id='par_1_5' title="bbox 243 2128 1367 3789">
     <span class='ocr_line' id='line_1_14' title="bbox 246 2128 1367 2207; baseline 0.001 -15"><span class='ocrx_word' id='word_1_83' title='bbox 246 2129 357 2194; x_wconf 77' lang='grc' dir='ltr'><em>Οοιὰἰω</em></span> <span class='ocrx_word' id='word_1_84' title='bbox 388 2136 434 2192; x_wconf 92' lang='lat' dir='ltr'><strong>est</strong></span> <span class='ocrx_word' id='word_1_85' title='bbox 465 2129 540 2193; x_wconf 91' lang='lat' dir='ltr'><strong>urbs</strong></span> <span class='ocrx_word' id='word_1_86' title='bbox 571 2128 752 2194; x_wconf 83' lang='lat' dir='ltr'><strong>Chersonesi</strong></span> <span class='ocrx_word' id='word_1_87' title='bbox 783 2129 934 2207; x_wconf 79' lang='lat' dir='ltr'><strong>Thracici,</strong></span> <span class='ocrx_word' id='word_1_88' title='bbox 966 2131 1082 2193; x_wconf 92' lang='lat' dir='ltr'><strong>Herod.</strong></span> <span class='ocrx_word' id='word_1_89' title='bbox 1117 2129 1177 2192; x_wconf 71' lang='lat' dir='ltr'><strong>VI·</strong></span> <span class='ocrx_word' id='word_1_90' title='bbox 1197 2132 1248 2192; x_wconf 84' lang='lat'><strong>33.</strong></span> <span class='ocrx_word' id='word_1_91' title='bbox 1273 2130 1367 2193; x_wconf 82' lang='lat' dir='ltr'><strong>Thra·</strong></span> 
     </span>
     <span class='ocr_line' id='line_1_15' title="bbox 244 2241 1337 2327; baseline -0.002 -20"><span class='ocrx_word' id='word_1_92' title='bbox 244 2244 320 2307; x_wconf 89' lang='lat' dir='ltr'><strong>ciam</strong></span> <span class='ocrx_word' id='word_1_93' title='bbox 344 2242 478 2306; x_wconf 82' lang='lat' dir='ltr'><strong>Triballi</strong></span> <span class='ocrx_word' id='word_1_94' title='bbox 503 2245 556 2326; x_wconf 89' lang='lat' dir='ltr'><strong>(vs.</strong></span> <span class='ocrx_word' id='word_1_95' title='bbox 584 2244 680 2325; x_wconf 78' lang='lat'>1529)</span> <span class='ocrx_word' id='word_1_96' title='bbox 705 2243 858 2306; x_wconf 87' lang='lat' dir='ltr'><strong>incolunt.</strong></span> <span class='ocrx_word' id='word_1_97' title='bbox 886 2242 995 2305; x_wconf 84' lang='lat' dir='ltr'><strong>Strabo</strong></span> <span class='ocrx_word' id='word_1_98' title='bbox 1020 2241 1086 2305; x_wconf 78' lang='lat' dir='ltr'><strong>VII</strong></span> <span class='ocrx_word' id='word_1_99' title='bbox 1109 2265 1138 2327; x_wconf 91' lang='lat' dir='ltr'><strong>p.</strong></span> <span class='ocrx_word' id='word_1_100' title='bbox 1164 2246 1238 2321; x_wconf 76' lang='lat'><strong>295,</strong></span> <span class='ocrx_word' id='word_1_101' title='bbox 1264 2245 1337 2305; x_wconf 81' lang='lat'>305.</span> 
     </span>
     <span class='ocr_line' id='line_1_16' title="bbox 334 2349 906 2436; baseline 0 -18"><span class='ocrx_word' id='word_1_102' title='bbox 334 2358 430 2418; x_wconf 75' lang='lat'>1482.</span> <span class='ocrx_word' id='word_1_103' title='bbox 454 2353 515 2419; x_wconf 79' lang='grc' dir='ltr'><em>ἔστι</em></span> <span class='ocrx_word' id='word_1_104' title='bbox 538 2349 605 2419; x_wconf 84' lang='grc' dir='ltr'><em>δ’ωὖ</em></span> <span class='ocrx_word' id='word_1_105' title='bbox 627 2356 712 2436; x_wconf 77' lang='grc' dir='ltr'><em>χώρω</em></span> <span class='ocrx_word' id='word_1_106' title='bbox 737 2356 805 2436; x_wconf 78' lang='grc' dir='ltr'><em>πρὸς</em></span> <span class='ocrx_word' id='word_1_107' title='bbox 827 2355 906 2435; x_wconf 76' lang='grc' dir='ltr'><strong>αὐτῷ</strong></span> 
     </span>
     <span class='ocr_line' id='line_1_17' title="bbox 455 2468 839 2549; baseline -0.005 -16"><span class='ocrx_word' id='word_1_108' title='bbox 455 2469 495 2549; x_wconf 79' lang='grc' dir='ltr'><strong>τῷ</strong></span> <span class='ocrx_word' id='word_1_109' title='bbox 517 2468 610 2549; x_wconf 80' lang='grc' dir='ltr'><em>σκότῳ</em></span> <span class='ocrx_word' id='word_1_110' title='bbox 633 2468 720 2549; x_wconf 82' lang='grc' dir='ltr'><em>πόρρω</em></span> <span class='ocrx_word' id='word_1_111' title='bbox 743 2493 788 2541; x_wconf 81' lang='grc' dir='ltr'><strong>σις</strong></span> <span class='ocrx_word' id='word_1_112' title='bbox 811 2469 839 2532; x_wconf 84' lang='grc' dir='ltr'><strong>ἕν</strong></span> 
     </span>
     <span class='ocr_line' id='line_1_18' title="bbox 455 2580 769 2663; baseline -0.01 -17"><span class='ocrx_word' id='word_1_113' title='bbox 455 2590 491 2663; x_wconf 67' lang='grc' dir='ltr'><strong>σῇ</strong></span> <span class='ocrx_word' id='word_1_114' title='bbox 514 2580 632 2661; x_wconf 77' lang='grc' dir='ltr'><em>λύχνων</em></span> <span class='ocrx_word' id='word_1_115' title='bbox 654 2581 769 2663; x_wconf 80' lang='grc' dir='ltr'><em>ε’ρνμίρι.</em></span> 
     </span>
     <span class='ocr_line' id='line_1_19' title="bbox 244 2694 1363 2781; baseline -0.001 -21"><span class='ocrx_word' id='word_1_116' title='bbox 244 2720 324 2781; x_wconf 91' lang='lat' dir='ltr'><strong>quae</strong></span> <span class='ocrx_word' id='word_1_117' title='bbox 369 2697 462 2761; x_wconf 84' lang='lat' dir='ltr'><strong>etiam</strong></span> <span class='ocrx_word' id='word_1_118' title='bbox 497 2696 523 2759; x_wconf 90' lang='lat' dir='ltr'><strong>si</strong></span> <span class='ocrx_word' id='word_1_119' title='bbox 556 2694 705 2758; x_wconf 80' lang='lat' dir='ltr'><strong>tacuisset</strong></span> <span class='ocrx_word' id='word_1_120' title='bbox 738 2694 904 2759; x_wconf 86' lang='lat' dir='ltr'><strong>scholiasta</strong></span> <span class='ocrx_word' id='word_1_121' title='bbox 933 2695 1148 2778; x_wconf 89' lang='lat' dir='ltr'><strong>unusquisque</strong></span> <span class='ocrx_word' id='word_1_122' title='bbox 1178 2717 1234 2779; x_wconf 90' lang='lat' dir='ltr'><strong>pro</strong></span> <span class='ocrx_word' id='word_1_123' title='bbox 1267 2697 1296 2760; x_wconf 85' lang='grc' dir='ltr'><strong>ἐν</strong></span> <span class='ocrx_word' id='word_1_124' title='bbox 1327 2705 1363 2777; x_wconf 68' lang='grc' dir='ltr'><strong>σῇ</strong></span> 
     </span>
     <span class='ocr_line' id='line_1_20' title="bbox 243 2807 1174 2893; baseline -0.002 -19"><span class='ocrx_word' id='word_1_125' title='bbox 243 2812 359 2875; x_wconf 79' lang='grc' dir='ltr'><em>Σκυθῶν</em></span> <span class='ocrx_word' id='word_1_126' title='bbox 381 2809 486 2892; x_wconf 75' lang='grc' dir='ltr'><em>ε’ρνροίορ</em></span> <span class='ocrx_word' id='word_1_127' title='bbox 508 2809 592 2872; x_wconf 86' lang='lat' dir='ltr'><strong>diota</strong></span> <span class='ocrx_word' id='word_1_128' title='bbox 616 2831 680 2885; x_wconf 89' lang='lat' dir='ltr'><strong>esse</strong></span> <span class='ocrx_word' id='word_1_129' title='bbox 703 2808 909 2891; x_wconf 82' lang='lat' dir='ltr'><strong>intellegeret.</strong></span> <span class='ocrx_word' id='word_1_130' title='bbox 933 2807 1041 2892; x_wconf 85' lang='lat' dir='ltr'><strong>Pergit</strong></span> <span class='ocrx_word' id='word_1_131' title='bbox 1065 2815 1174 2893; x_wconf 86' lang='lat' dir='ltr'><strong>poeta:</strong></span> 
     </span>
     <span class='ocr_line' id='line_1_21' title="bbox 455 2919 854 3002; baseline 0 -18"><span class='ocrx_word' id='word_1_132' title='bbox 455 2920 523 2986; x_wconf 80' lang='grc' dir='ltr'><em>ἔνθοι</em></span> <span class='ocrx_word' id='word_1_133' title='bbox 545 2929 607 2994; x_wconf 80' lang='grc' dir='ltr'><em>τοῖς</em></span> <span class='ocrx_word' id='word_1_134' title='bbox 631 2919 730 3002; x_wconf 66' lang='grc' dir='ltr'><em>ἥρωσιν</em></span> <span class='ocrx_word' id='word_1_135' title='bbox 754 2919 854 3002; x_wconf 72' lang='grc' dir='ltr'><em>ἄνθρω-</em></span> 
     </span>
     <span class='ocr_line' id='line_1_22' title="bbox 455 3031 978 3115; baseline 0.002 -18"><span class='ocrx_word' id='word_1_136' title='bbox 455 3058 503 3098; x_wconf 84' lang='grc' dir='ltr'><strong>σοι</strong></span> <span class='ocrx_word' id='word_1_137' title='bbox 526 3031 711 3115; x_wconf 72' lang='grc' dir='ltr'><strong>ξυναριστῶσι</strong></span> <span class='ocrx_word' id='word_1_138' title='bbox 735 3033 786 3098; x_wconf 70' lang='lat' dir='ltr'><strong>aa)</strong></span> <span class='ocrx_word' id='word_1_139' title='bbox 812 3032 876 3108; x_wconf 79' lang='grc' dir='ltr'><em>ξύν·</em></span> <span class='ocrx_word' id='word_1_140' title='bbox 975 3077 978 3084; x_wconf 67' lang='lat'>,</span> 
     </span>
     <span class='ocr_line' id='line_1_23' title="bbox 451 3171 519 3211; baseline -0.015 0"><span class='ocrx_word' id='word_1_141' title='bbox 451 3171 519 3211; x_wconf 70' lang='lat' dir='ltr'><strong>rur.</strong></span> 
     </span>
     <span class='ocr_line' id='line_1_24' title="bbox 246 3260 1265 3347; baseline 0 -23"><span class='ocrx_word' id='word_1_142' title='bbox 246 3261 407 3342; x_wconf 76' lang='lat' dir='ltr'><strong>Quaenam</strong></span> <span class='ocrx_word' id='word_1_143' title='bbox 431 3260 472 3324; x_wconf 91' lang='lat' dir='ltr'><strong>sit</strong></span> <span class='ocrx_word' id='word_1_144' title='bbox 494 3261 550 3323; x_wconf 90' lang='lat' dir='ltr'><strong>illa</strong></span> <span class='ocrx_word' id='word_1_145' title='bbox 573 3260 658 3345; x_wconf 85' lang='lat' dir='ltr'><strong>regio</strong></span> <span class='ocrx_word' id='word_1_146' title='bbox 681 3283 737 3324; x_wconf 91' lang='lat' dir='ltr'><strong>nos</strong></span> <span class='ocrx_word' id='word_1_147' title='bbox 762 3261 852 3324; x_wconf 91' lang='lat' dir='ltr'><strong>docet</strong></span> <span class='ocrx_word' id='word_1_148' title='bbox 876 3260 1029 3325; x_wconf 89' lang='lat' dir='ltr'><strong>Pindarus</strong></span> <span class='ocrx_word' id='word_1_149' title='bbox 1054 3260 1147 3347; x_wconf 87' lang='lat' dir='ltr'><strong>Pyth.</strong></span> <span class='ocrx_word' id='word_1_150' title='bbox 1171 3261 1201 3324; x_wconf 91' lang='lat' dir='ltr'>X</span> <span class='ocrx_word' id='word_1_151' title='bbox 1225 3265 1265 3324; x_wconf 84' lang='lat'><strong>30</strong></span> 
     </span>
     <span class='ocr_line' id='line_1_25' title="bbox 457 3372 1071 3455; baseline -0.002 -17"><span class='ocrx_word' id='word_1_152' title='bbox 457 3372 541 3438; x_wconf 74' lang='grc' dir='ltr'><em>νωνσδ</em></span> <span class='ocrx_word' id='word_1_153' title='bbox 566 3375 591 3438; x_wconf 87' lang='grc' dir='ltr'><strong>δ’</strong></span> <span class='ocrx_word' id='word_1_154' title='bbox 617 3373 682 3438; x_wconf 74' lang='lat' dir='ltr'><strong>odra</strong></span> <span class='ocrx_word' id='word_1_155' title='bbox 704 3373 791 3454; x_wconf 80' lang='grc' dir='ltr'><strong><em>πεζὸς</em></strong></span> <span class='ocrx_word' id='word_1_156' title='bbox 815 3373 959 3453; x_wconf 75' lang='grc' dir='ltr'><strong>1ωνσιέχ’</strong></span> <span class='ocrx_word' id='word_1_157' title='bbox 986 3372 1071 3455; x_wconf 76' lang='grc' dir='ltr'><em>εὕροις</em></span> 
     </span>
     <span class='ocr_line' id='line_1_26' title="bbox 457 3486 1109 3567; baseline 0.002 -18"><span class='ocrx_word' id='word_1_158' title='bbox 457 3489 486 3559; x_wconf 77' lang='grc' dir='ltr'><strong>ἐς</strong></span> <span class='ocrx_word' id='word_1_159' title='bbox 510 3486 704 3567; x_wconf 70' lang='grc' dir='ltr'><em>’Ὑπερβορέων</em></span> <span class='ocrx_word' id='word_1_160' title='bbox 727 3488 831 3564; x_wconf 57' lang='lat' dir='ltr'><strong>dodra</strong></span> <span class='ocrx_word' id='word_1_161' title='bbox 855 3488 1013 3564; x_wconf 74' lang='grc' dir='ltr'><em>θοινρωισοδν</em></span> <span class='ocrx_word' id='word_1_162' title='bbox 1038 3487 1109 3551; x_wconf 77' lang='grc' dir='ltr'><em>ὁδόν.</em></span> 
     </span>
     <span class='ocr_line' id='line_1_27' title="bbox 456 3594 1158 3680; baseline 0.001 -18"><span class='ocrx_word' id='word_1_163' title='bbox 456 3599 525 3679; x_wconf 76' lang='grc' dir='ltr'><em>παρ’</em></span> <span class='ocrx_word' id='word_1_164' title='bbox 550 3594 588 3670; x_wconf 76' lang='grc' dir='ltr'><strong>οἷς</strong></span> <span class='ocrx_word' id='word_1_165' title='bbox 611 3623 683 3663; x_wconf 76' lang='grc' dir='ltr'><em>ποτε</em></span> <span class='ocrx_word' id='word_1_166' title='bbox 706 3599 829 3680; x_wconf 83' lang='grc' dir='ltr'><em>Περσεὺς</em></span> <span class='ocrx_word' id='word_1_167' title='bbox 853 3600 990 3664; x_wconf 80' lang='grc' dir='ltr'><em>ἐδωίσωσο</em></span> <span class='ocrx_word' id='word_1_168' title='bbox 1014 3599 1158 3680; x_wconf 64' lang='lat' dir='ltr'><strong>loytres,</strong></span> 
     </span>
     <span class='ocr_line' id='line_1_28' title="bbox 457 3712 725 3789; baseline 0.004 -14"><span class='ocrx_word' id='word_1_169' title='bbox 457 3712 572 3789; x_wconf 57' lang='grc' dir='ltr'><em>δώμοιι)</em></span> <span class='ocrx_word' id='word_1_170' title='bbox 595 3713 725 3776; x_wconf 75' lang='grc' dir='ltr'><strong>ἐσελθών.</strong></span> 
     </span>
    </p>

    <p class='ocr_par' dir='ltr' id='par_1_6' title="bbox 245 3825 1369 4135">
     <span class='ocr_line' id='line_1_29' title="bbox 291 3825 1366 3910; baseline -0.001 -21"><span class='ocrx_word' id='word_1_171' title='bbox 291 3825 392 3889; x_wconf 79' lang='lat' dir='ltr'><strong>Arbor</strong></span> <span class='ocrx_word' id='word_1_172' title='bbox 414 3848 458 3888; x_wconf 87' lang='lat' dir='ltr'><strong>vs.</strong></span> <span class='ocrx_word' id='word_1_173' title='bbox 485 3827 569 3890; x_wconf 75' lang='lat'><strong>1473</strong></span> <span class='ocrx_word' id='word_1_174' title='bbox 594 3846 673 3908; x_wconf 90' lang='lat' dir='ltr'><strong>quae</strong></span> <span class='ocrx_word' id='word_1_175' title='bbox 697 3826 736 3888; x_wconf 89' lang='lat' dir='ltr'><strong>sit</strong></span> <span class='ocrx_word' id='word_1_176' title='bbox 760 3848 868 3889; x_wconf 92' lang='lat' dir='ltr'><strong>eruere</strong></span> <span class='ocrx_word' id='word_1_177' title='bbox 888 3848 951 3888; x_wconf 91' lang='lat' dir='ltr'><strong>nou</strong></span> <span class='ocrx_word' id='word_1_178' title='bbox 970 3827 1069 3910; x_wconf 91' lang='lat' dir='ltr'><strong>potui.</strong></span> <span class='ocrx_word' id='word_1_179' title='bbox 1095 3825 1238 3910; x_wconf 85' lang='lat' dir='ltr'><strong>Nimium</strong></span> <span class='ocrx_word' id='word_1_180' title='bbox 1262 3826 1366 3890; x_wconf 89' lang='lat' dir='ltr'><strong>differt</strong></span> 
     </span>
     <span class='ocr_line' id='line_1_30' title="bbox 245 3937 1369 4023; baseline 0 -21"><span class='ocrx_word' id='word_1_181' title='bbox 245 3937 334 4002; x_wconf 89' lang='lat' dir='ltr'><strong>arbor</strong></span> <span class='ocrx_word' id='word_1_182' title='bbox 365 3939 622 4023; x_wconf 89' lang='lat' dir='ltr'><strong>Argippaeorum,</strong></span> <span class='ocrx_word' id='word_1_183' title='bbox 654 3939 771 4002; x_wconf 87' lang='lat' dir='ltr'><strong>Herod.</strong></span> <span class='ocrx_word' id='word_1_184' title='bbox 803 3937 852 4001; x_wconf 85' lang='lat' dir='ltr'><strong>IV</strong></span> <span class='ocrx_word' id='word_1_185' title='bbox 884 3941 936 4017; x_wconf 75' lang='lat'><strong>23,</strong></span> <span class='ocrx_word' id='word_1_186' title='bbox 967 3960 1047 4020; x_wconf 88' lang='lat' dir='ltr'><strong>quae</strong></span> <span class='ocrx_word' id='word_1_187' title='bbox 1077 3945 1216 4022; x_wconf 88' lang='lat' dir='ltr'><strong>tempore</strong></span> <span class='ocrx_word' id='word_1_188' title='bbox 1239 3939 1369 4002; x_wconf 87' lang='lat' dir='ltr'><strong>hiemali</strong></span> 
     </span>
     <span class='ocr_line' id='line_1_31' title="bbox 245 4051 1178 4135; baseline -0.002 -20"><span class='ocrx_word' id='word_1_189' title='bbox 245 4051 405 4135; x_wconf 87' lang='lat' dir='ltr'><strong>obtegitur</strong></span> <span class='ocrx_word' id='word_1_190' title='bbox 427 4051 580 4115; x_wconf 88' lang='lat' dir='ltr'><strong>velamine</strong></span> <span class='ocrx_word' id='word_1_191' title='bbox 603 4051 692 4114; x_wconf 89' lang='lat' dir='ltr'><strong>lanae</strong></span> <span class='ocrx_word' id='word_1_192' title='bbox 716 4057 849 4128; x_wconf 84' lang='lat' dir='ltr'><strong>coactae,</strong></span> <span class='ocrx_word' id='word_1_193' title='bbox 874 4051 991 4114; x_wconf 85' lang='lat' dir='ltr'><strong>vernali</strong></span> <span class='ocrx_word' id='word_1_194' title='bbox 1014 4051 1178 4134; x_wconf 85' lang='lat' dir='ltr'><strong>retegitur.</strong></span> 
     </span>
    </p>

    <p class='ocr_par' dir='ltr' id='par_1_7' title="bbox 288 4163 1111 4248">
     <span class='ocr_line' id='line_1_32' title="bbox 288 4163 1111 4248; baseline -0.002 -20"><span class='ocrx_word' id='word_1_195' title='bbox 288 4165 546 4248; x_wconf 83' lang='lat' dir='ltr'><strong>Investigandum</strong></span> <span class='ocrx_word' id='word_1_196' title='bbox 570 4169 616 4228; x_wconf 92' lang='lat' dir='ltr'><strong>est</strong></span> <span class='ocrx_word' id='word_1_197' title='bbox 637 4163 748 4228; x_wconf 90' lang='lat' dir='ltr'><strong>deinde</strong></span> <span class='ocrx_word' id='word_1_198' title='bbox 772 4165 828 4247; x_wconf 89' lang='lat' dir='ltr'><strong>qui</strong></span> <span class='ocrx_word' id='word_1_199' title='bbox 851 4165 914 4227; x_wconf 86' lang='lat' dir='ltr'><strong>sint</strong></span> <span class='ocrx_word' id='word_1_200' title='bbox 938 4164 1111 4235; x_wconf 75' lang='grc' dir='ltr'><em>Σκιοέιιοδες.</em></span> 
     </span>
    </p>

    <p class='ocr_par' dir='ltr' id='par_1_8' title="bbox 244 4276 910 4469">
     <span class='ocr_line' id='line_1_33' title="bbox 244 4276 910 4359; baseline 0.002 -19"><span class='ocrx_word' id='word_1_201' title='bbox 244 4277 299 4342; x_wconf 77' lang='lat' dir='ltr'><strong>Vs.</strong></span> <span class='ocrx_word' id='word_1_202' title='bbox 325 4281 421 4342; x_wconf 84' lang='lat'><strong>1553.</strong></span> <span class='ocrx_word' id='word_1_203' title='bbox 457 4279 525 4359; x_wconf 78' lang='grc' dir='ltr'><em>πρὸς</em></span> <span class='ocrx_word' id='word_1_204' title='bbox 550 4278 581 4341; x_wconf 84' lang='grc' dir='ltr'><strong>δὲ</strong></span> <span class='ocrx_word' id='word_1_205' title='bbox 604 4285 666 4350; x_wconf 79' lang='grc' dir='ltr'><em>σοῖς</em></span> <span class='ocrx_word' id='word_1_206' title='bbox 687 4276 848 4342; x_wconf 76' lang='grc' dir='ltr'><em>Σκιοὶσοσιν</em></span> <span class='ocrx_word' id='word_1_207' title='bbox 869 4276 910 4341; x_wconf 77' lang='grc' dir='ltr'><strong>λί-</strong></span> 
     </span>
     <span class='ocr_line' id='line_1_34' title="bbox 457 4388 752 4469; baseline -0.003 -15"><span class='ocrx_word' id='word_1_208' title='bbox 457 4415 516 4469; x_wconf 76' lang='grc' dir='ltr'><strong>μνη</strong></span> <span class='ocrx_word' id='word_1_209' title='bbox 540 4415 585 4462; x_wconf 82' lang='grc' dir='ltr'><strong>τις</strong></span> <span class='ocrx_word' id='word_1_210' title='bbox 608 4388 668 4454; x_wconf 78' lang='grc' dir='ltr'><em>ἔστι</em></span> <span class='ocrx_word' id='word_1_211' title='bbox 691 4389 752 4454; x_wconf 82' lang='grc' dir='ltr'><strong>κσὲ.</strong></span> 
     </span>
    </p>
   </div>
   <div class='ocr_carea' id='block_1_4' title="bbox 0 0 1618 5370">
    <p class='ocr_par' dir='ltr' id='par_1_9' title="bbox 0 0 1618 5370">
     <span class='ocr_line' id='line_1_35' title="bbox 0 0 1618 5370; baseline 0 0"><span class='ocrx_word' id='word_1_212' title='bbox 0 0 1618 5370; x_wconf 95' lang='lat' dir='ltr'><strong> </strong></span> 
     </span>
    </p>
   </div>
  </div>
 </body>
</html>
