3218 5370
637 562 871 607 remansuras.
1252 543 1293 604 13

196 728 279 812 quod
301 735 406 791 tamen
430 729 498 791 iure
522 728 554 791 iu
578 725 709 791 dubium
732 728 833 792 vocari
858 733 969 812 potest,
994 751 1011 788 a
1033 749 1122 790 verae
1146 726 1223 789 artis
1244 727 1318 809 legi-

195 842 254 904 bus
277 841 429 904 aberravit
435 868 443 918 ;
467 840 530 917 sed,
555 840 640 923 quod
662 841 841 919 dolendum,
866 840 978 903 horum
997 840 1183 918 dramatum,
1205 838 1314 917 Oenei,

196 954 368 1030 Phoenicis,
400 952 602 1030 Philoctetae,
633 953 891 1038 Bellerophontis,
924 952 1112 1044 Cressarum,
1136 951 1224 1029 Inus,
1249 951 1318 1015 nul-

195 1068 261 1131 lum
293 1073 449 1131 servatum
481 1073 536 1143 est,
570 1067 614 1129 ita
644 1073 682 1129 ut
709 1089 727 1128 e
751 1068 842 1130 certis
865 1066 1059 1129 documentis
1083 1063 1242 1128 iudicandi
1266 1087 1318 1149 op-

194 1179 419 1264 portunitatem
452 1202 515 1243 uon
545 1178 722 1248 habeamus.
756 1178 803 1241 De
835 1200 898 1242 uno
921 1177 1057 1262 Telepho
1082 1177 1157 1240 satis
1181 1183 1314 1253 constat,

197 1293 251 1376 qui
284 1293 317 1355 in
347 1301 447 1356 castra
478 1292 667 1356 Graecorum
698 1293 793 1373 venit,
826 1342 845 1370 „
857 1292 1026 1370 mendicus,
1061 1291 1203 1374 squalida
1236 1312 1319 1374 saep-

197 1414 250 1469 tus
273 1406 383 1469 stola”.

242 1518 356 1581 Nostra
386 1541 456 1581 vero
489 1526 572 1582 aetas
603 1519 678 1582 talia
707 1519 825 1601 tragico
850 1518 977 1581 minime
1001 1517 1077 1581 vitio
1101 1518 1204 1596 vertit,
1227 1517 1320 1579 offen-

198 1629 313 1694 debant
342 1653 413 1694 vero
445 1631 560 1695 multos
584 1654 621 1694 ex
644 1629 900 1708 Atheniensibus,
925 1631 980 1713 qui
1003 1630 1094 1694 hosce
1117 1629 1229 1694 veteris
1252 1629 1320 1692 aevi

197 1765 284 1826 reges
307 1738 476 1826 tamqnam
490 1743 598 1806 heroes
621 1741 849 1807 venerabantur
874 1743 923 1806 vel
944 1740 1127 1806 metuebant
1150 1742 1254 1826 potius
1280 1765 1318 1805 ne

196 1856 272 1939 quid
295 1856 442 1939 dignitati
465 1857 600 1940 tragicae
623 1855 838 1919 detraheretur
861 1858 888 1919 si
910 1856 958 1919 illi
983 1855 1162 1919 mortalium
1187 1855 1314 1919 modum

195 1991 258 2032 non
277 1968 469 2032 excederent.
494 1967 580 2047 Quid
602 1991 673 2032 vero
698 1992 760 2032 non
784 1970 1021 2054 vituperassent,
1036 1967 1112 2051 quid
1125 1990 1186 2031 non
1200 1968 1318 2030 Aristo·

196 2081 313 2166 phanes
333 2083 368 2161 si,
389 2090 426 2144 ut
446 2104 545 2145 unum
565 2082 688 2145 afferam
706 2083 891 2167 exemplum,
913 2080 1089 2165 Shaksperii
1112 2103 1215 2163 rogem
1237 2078 1318 2142 Lear

197 2196 229 2256 in
252 2216 343 2258 scena
366 2194 569 2279 adspexisset!
600 2195 740 2258 Eandem
763 2216 856 2278 quam
882 2196 937 2258 Ar.
960 2217 1024 2257 rem
1048 2193 1156 2276 tetigit
1182 2194 1317 2257 comicus
1375 2246 1376 2250 ,

199 2305 351 2371 Timocles
373 2308 406 2370 in
430 2307 669 2391 Dionysiaausis,
695 2307 791 2370 Mein.
817 2306 881 2370 HI.
907 2330 937 2391 p.
965 2309 1037 2369 593.
1105 2339 1107 2344 2
1158 2306 1160 2310 ’

374 2420 440 2492 ποὺς
463 2421 517 2497 μὲν
540 2420 847 2501 προορερδοὺςπρῶπον,
872 2419 895 2481 εἰ
918 2417 1027 2497 βούλεο,
1052 2417 1151 2481 σκόπει

376 2535 413 2604 ὡς
436 2535 580 2614 ὠφελοῦσι
604 2531 732 2604 ποένποος·
755 2534 768 2596 ὁ
792 2533 846 2609 μὲν
869 2531 927 2612 γὰρ
943 2531 988 2622 ὢν
1012 2530 1101 2604 πένης

376 2647 557 2727 πτωχότερον
580 2647 668 2710 αὑτοῦ
692 2645 882 2723 κυπυμοῶὼν
905 2647 953 2709 τὸν
978 2644 1124 2725 Τήλεφον

374 2759 526 2837 γενόμενον
549 2759 602 2832 ἤδη
627 2762 679 2831 τὴν
701 2759 802 2822 πενίοον
826 2762 890 2840 ῥᾷον
914 2757 993 2839 Φέρει
1018 2759 1078 2822 ari.

205 2984 255 3050 Vs.
280 2975 362 3044 430.
531 2979 581 3050 oh'
605 2985 695 3067 dvbpa
718 2987 818 3051 Μυσὸν
842 2986 991 3066 Τήλεφον.

244 3099 295 3162 Fr.
322 3102 395 3164 703.
426 3099 515 3163 Teste
545 3099 767 3184 Olympiodoro
790 3123 806 3162 e
830 3098 966 3183 Telepho
990 3097 1159 3182 Euripidis.
1184 3095 1318 3160 Fallitur

201 3217 305 3275 tamen
339 3211 579 3296 Olympiodorus
613 3212 669 3275 ubi
699 3212 737 3275 de
769 3209 869 3275 verbis
901 3212 1040 3274 Platonis
1070 3210 1164 3293 Gorg.
1198 3231 1228 3292 p.
1261 3211 1322 3271 251

203 3323 226 3386 cl
258 3322 302 3387 ool
334 3324 434 3389 Μυυόν
465 3350 501 3402 γε
531 3322 607 3397 ἥδιον
638 3331 740 3388 κοολεῑν
770 3323 893 3387 scribit:
919 3324 935 3396 ἡ
958 3322 1099 3403 ποοροομίοο
1122 3319 1196 3395 adan
1221 3323 1253 3385 ἐκ
1275 3325 1325 3384 τοῦ

203 3437 344 3516 Τηλέφου
367 3437 447 3502 ἐστὶν
471 3437 638 3517 Εὐριπίδου.

203 3659 257 3725 Vs.
281 3653 363 3723 435.
450 3657 470 3724 ὦ
494 3667 550 3727 Ζεῦ
574 3661 680 3727 dedara
703 3661 754 3726 nal
778 3661 916 3725 κυπόπποο
939 3667 1093 3739 ποονποοχῆ.

247 3773 350 3838 Verba
372 3776 499 3858 tragica.
524 3774 596 3859 ipsa
620 3774 751 3838 alicuius
774 3774 885 3856 tragici
909 3770 1000 3836 verba
1023 3794 1087 3835 esse
1111 3771 1223 3846 statuit
1247 3769 1324 3832 Mei·

202 3887 290 3964 neke,
315 3886 407 3950 Vind.
435 3889 489 3950 Ar.
514 3910 544 3971 p.
568 3890 597 3964 8,
620 3887 659 3949 ad
679 3887 894 3950 testimonium
913 3907 1026 3953 vocans
1045 3884 1224 3969 scriptorem
1236 3882 1320 3945 vitae

204 3999 303 4078 Arati,
329 3999 438 4081 quiin
460 4000 521 4063 fine
544 4000 621 4063 haec
643 4007 810 4063 memorat:
836 3997 878 4062 ὅτε
901 3997 952 4063 κυνὶ
977 3998 1001 4062 οἱ
1019 3996 1137 4070 actura}
1157 3993 1322 4068 ποινόππνν,

202 4117 324 4176 κοιλοῦσο
347 4117 519 4191 ποονποοχοῦ·
543 4107 563 4174 ὦ
588 4117 644 4176 Ζεῦ
667 4111 837 4176 ποοντάπποι·
860 4109 912 4175 κυνὶ
933 4110 1024 4184 ἠέλιος
1044 4108 1074 4182 ὃς
1094 4108 1183 4173 πάντ’
1204 4096 1322 4188 ε’φορρῖς,

204 4247 283 4308 quae
304 4224 449 4289 Meiueke
469 4225 512 4289 sic
530 4225 686 4288 restituit:
707 4223 749 4289 ὅτε
768 4223 819 4288 κυνὶ
840 4225 864 4288 οἱ
882 4221 1000 4296 πουρποιὶ
1020 4223 1174 4294 ποονόπενν
1187 4223 1321 4283 κοιλοῦοο.

205 4332 226 4399 ὦ
250 4342 306 4400 Ζεῦ
329 4336 471 4401 ποονόπποο
494 4335 546 4412 aa}
569 4335 708 4401 κοοπόπποο
733 4339 901 4414 πυνποοχοῦ.
966 4419 968 4424 Ι
