3218 5370
727 631 958 674 ACffllthnsuS.

657 796 716 858 οὐδ’
744 796 766 858 ri
790 795 913 858 πέλεκυν
937 798 964 859 ἕν
988 803 1084 875 χεροῖν
1107 794 1183 874 ἔχων

456 894 458 899 ’
509 907 611 984 μέλλον
635 931 679 978 τις
702 909 740 979 εῖς
764 908 914 986 τρρῖχνλρν
937 909 1085 985 ε’μβριλεῖν
1109 911 1187 984 ἐμὸν,

509 1020 669 1096 σιγήσομαι
694 1020 791 1084 δίκαιά
814 1020 844 1097 γ’
874 1021 1017 1083 νῖντενπεῖν
1041 1018 1126 1099 ἔχων.

330 1133 414 1195 Huic
438 1133 633 1196 coniecturae
652 1133 733 1195 nihil
752 1132 863 1212 obstat,
885 1135 989 1196 favent
1009 1135 1121 1196 omnia.
1149 1133 1255 1211 Favet,
1277 1133 1405 1198 Dicaeo-

285 1246 418 1329 polidem
449 1244 541 1308 verba
565 1245 671 1308 fecisse
694 1246 805 1328 pannis
827 1246 956 1330 Telephi
980 1246 1138 1323 indutum,
1164 1252 1195 1309 et
1223 1246 1404 1309 Mnesilochi

285 1359 453 1421 orationem
493 1359 526 1420 in
562 1358 663 1420 media
695 1358 857 1442 Euripidis
886 1359 1012 1443 parodia
1043 1359 1174 1443 positam
1205 1382 1279 1422 esse.
1310 1359 1405 1422 Favet

285 1471 368 1553 quod
400 1469 526 1532 aliunde
550 1469 588 1531 de
613 1468 749 1554 Telepho
773 1470 861 1533 nobis
884 1478 1077 1554 compertum
1100 1479 1162 1534 est:
1186 1471 1233 1534 Ab
1258 1472 1404 1556 Apolline

284 1585 312 1645 ei
336 1605 516 1666 responsum
541 1589 608 1644 erat
630 1582 658 1643 ei
683 1582 836 1650 neminem
860 1583 976 1645 mederi
1000 1605 1087 1667 posse
1110 1605 1203 1665 quam
1225 1586 1280 1666 qui
1299 1585 1404 1648 vulne·

285 1702 390 1772 rasset,
426 1695 478 1758 sed
510 1693 669 1757 metuebat
700 1702 737 1757 ut
767 1697 831 1758 voti
863 1718 985 1780 compos
1012 1697 1100 1759 fieret
1124 1697 1150 1759 si
1175 1721 1206 1761 se
1231 1698 1401 1782 Telephum

284 1831 348 1871 esse
372 1807 578 1891 profiteretur,
603 1830 706 1891 regem
731 1807 859 1891 Mysiae,
883 1810 1032 1890 quicum
1058 1809 1184 1872 Graccis
1204 1809 1320 1873 bellum
1339 1833 1403 1894 ges-

283 1923 381 1985 sisset.
407 1920 519 2002 ltaque
543 1921 708 1983 artificium
732 1923 886 2004 excogitat
911 1923 960 2004 (fr.
988 1923 1070 2004 709),
1095 1925 1221 2006 ignotus
1243 1925 1291 2007 (fr.
1315 1927 1401 2008 793),

283 2033 443 2096 mendicus
477 2033 524 2116 (fr.
559 2035 632 2112 698,
667 2034 741 2115 699)
771 2040 868 2096 castra
902 2031 1101 2111 Graecorum,
1124 2036 1173 2098 vel
1197 2037 1301 2119 potius
1325 2038 1403 2120 Aga·

284 2145 454 2208 memnonis
478 2146 604 2207 domum
628 2145 694 2208 adit
714 2145 785 2228 (huc
804 2122 932 2208 fortasse
951 2147 1112 2231 pertinent
1131 2148 1208 2210 Ach.
1228 2151 1302 2226 456,
1317 2151 1402 2231 loo).

285 2259 386 2322 Audit
417 2256 605 2320 Graecorum
636 2281 723 2341 reges
748 2257 884 2343 Telepho
907 2259 987 2322 male
1011 2259 1156 2323 dicentes.
1181 2260 1263 2322 Iram
1288 2262 1402 2342 sedare,

285 2373 403 2461 animos
436 2369 537 2433 verbis
558 2371 695 2433 mulcere
716 2371 832 2434 studet.
857 2370 908 2434 Fit
931 2373 1110 2450 altercatio;
1136 2373 1228 2435 datur
1251 2374 1279 2436 ci
1303 2382 1401 2458 potes·

285 2493 333 2550 tas
364 2485 499 2548 dicendi.¹
528 2484 588 2549 Sed
619 2485 757 2548 nondum
791 2486 861 2568 quis
894 2487 933 2549 sit
957 2493 1066 2550 notum
1091 2494 1146 2551 est.
1171 2487 1329 2570 Loquitur
1354 2511 1404 2572 pe·

284 2598 372 2662 rinde
406 2599 494 2680 quasi
529 2598 569 2659 sit
604 2595 793 2660 Graecorum
828 2597 950 2680 aliquis,
981 2600 1037 2681 qui
1068 2599 1134 2661 sine
1165 2599 1211 2662 ira
1242 2605 1274 2662 ct
1302 2601 1404 2664 studio

285 2712 323 2774 de
358 2710 444 2772 hoste
480 2709 617 2771 iudicare
651 2709 736 2771 velit.
774 2709 863 2788 Quae
902 2732 972 2772 cum
1010 2710 1054 2771 ita
1091 2710 1163 2787 sint,
1201 2712 1306 2774 conari
1332 2711 1405 2774 licet

284 2822 383 2907 ipsius
413 2821 577 2905 Euripidei
608 2821 738 2906 Telephi
762 2821 944 2899 orationem,
968 2845 1031 2885 non
1054 2822 1148 2885 verba
1171 2823 1240 2886 dico
1263 2824 1317 2887 sed
1339 2847 1404 2887 sen-

285 2933 425 3012 tentiam,
451 2956 466 2996 c
490 2933 630 3014 reliquiis
654 2935 827 2997 restituere.

357 3044 383 3106 I.
408 3045 460 3116 Md
485 3067 534 3120 μοι
557 3043 733 3124 φθονήσητ’,
757 3044 866 3130 ἄνδρες.
881 3047 1029 3119 Ἑλλήνων
1053 3046 1139 3127 ἄκρον,

409 3157 431 3218 εῖ
452 3157 573 3234 πτωχὸς
597 3155 633 3219 ὢν
656 3157 775 3229 τέτλνκ’
801 3160 828 3220 ἓν
852 3157 996 3222 ἐσθλοῖσιν
1020 3159 1124 3235 λέγειν.

337 3268 381 3331 Π.
406 3268 479 3331 Non
502 3269 677 3332 mirandum
701 3276 747 3333 est
770 3293 822 3334 vos
845 3271 891 3333 ira
915 3271 1055 3336 incensos
1080 3295 1154 3350 esse,
1178 3272 1299 3335 Thesm.
1322 3275 1403 3351 4685

408 3405 464 3466 ego
487 3404 610 3465 quoque
633 3383 805 3469 Telephum
830 3383 890 3462 odi,
915 3384 994 3448 Ach.
1022 3386 1095 3463 509,
1119 3385 1242 3447 Thesm.
1267 3387 1342 3461 469,
1364 3478 1367 3484 Ι

320 3495 382 3558 ΠΙ.
408 3496 511 3576 Aequi
534 3502 638 3559 tamen
662 3497 775 3574 simus;
802 3496 860 3559 soli
881 3518 999 3574 sumus,
1013 3496 1091 3559 Aeh.
1108 3499 1180 3572 564,
1194 3495 1315 3557 Thesm.
1330 3497 1404 3560 472.

324 3607 381 3670 IV.
405 3607 509 3670 Etiam
539 3607 649 3672 Graeci
680 3609 795 3672 iniuria
826 3608 997 3693 Telephum
1028 3608 1207 3683 affecerunt,
1239 3607 1316 3669 Ach.
1342 3610 1405 3669 514

409 3742 474 3802 sqq.
498 3720 556 3782 Th.
581 3721 645 3783 476
670 3743 735 3803 sqq.

344 3829 383 3894 V.
407 3831 496 3894 Bello
520 3831 676 3917 Telephus
700 3832 833 3895 Graecos
852 3819 1035 3916 prosecutus
1055 3837 1118 3892 est:
1138 3832 1194 3910 ἐρεῖ
1210 3854 1253 3902 τις
1273 3831 1303 3893 οὐ
1322 3837 1407 3910 χρῆν·

411 3944 495 4007 aaut
517 3946 548 4008 τί
568 3947 656 4024 ἐχρῆν
678 3942 789 4007 εἴποιτε.

329 4056 386 4119 Vl.
411 4057 478 4120 Nos
508 4057 541 4120 in
571 4056 703 4141 Mysiam
733 4056 943 4120 incursionem
965 4054 1104 4118 fecimus
1132 4058 1175 4118 At
1199 4056 1225 4119 si
1249 4055 1409 4140 quisuMy·

414 4192 518 4233 sorum
548 4191 619 4232 cum
643 4169 782 4232 exercitu
806 4168 840 4231 in
863 4165 1023 4231 Graeciam
1048 4168 1188 4245 venisset,
1213 4167 1347 4242 uatus&
1372 4165 1408 4230 ῖνν

413 4283 442 4345 ἕν
465 4283 608 4358 §duorum
634 4274 651 4352 ἦ
674 4284 784 4343 πολλοῦ
807 4304 843 4357 γε
864 4281 912 4344 δεῖ.
936 4280 1051 4344 Similis
1063 4281 1286 4344 demonstratio
1298 4279 1411 4364 reperi-

401 4402 455 4458 tur
477 4395 553 4456 Eur.
577 4391 704 4455 Heracl.
730 4393 813 4455 1005
839 4415 904 4476 sqq.
