3218 5370
748 623 863 666 usura.
1277 607 1338 668 147

240 787 263 851 οἱ
293 786 350 859 δύο,
383 792 414 849 et
445 779 538 870 Greg.
568 785 637 850 Gor.
664 809 712 871 ap.
737 787 778 850 N.
804 788 841 850 fr.
870 790 942 851 594.

237 902 315 984 ¹(iam
345 908 417 964 ante
446 901 567 964 dixerat
594 899 694 980 δρόμοι
718 901 894 986 Εὐριπίδου)
921 900 1132 982 τωρεισοόγετοιι
1157 903 1306 983 Ἡροικλῆς
1330 905 1358 966 έν

241 1011 344 1077 Ἀιδον
375 1014 522 1077 κοιτελόὼν
551 1012 632 1076 κκτόι
662 1012 791 1076 κέλευσιν
823 1013 986 1093 Εὐρυσθέως
1018 1013 1071 1077 κοιὶ
1095 1015 1149 1078 ὑτιό
1173 1021 1224 1078 τοῦ
1249 1017 1360 1080 Αῐοικοῦ

218 1127 419 1207 ’ἐρωτώμενος
448 1124 526 1197 όστις
556 1124 617 1189 έοτι
648 1127 707 1189 κτὲ.
742 1125 815 1189 Non
846 1125 949 1190 obstat
974 1127 1069 1190 dubia
1093 1127 1189 1192 huius
1213 1129 1360 1192 dramatis

243 1241 338 1323 origo
361 1238 468 1303 Liouit
491 1239 692 1323 Aristophani
716 1240 831 1302 imitari
855 1239 918 1302 sive
936 1238 1051 1303 Critiae
1073 1249 1152 1304 asset
1172 1243 1279 1305 drama
1297 1243 1361 1306 sive

244 1351 413 1436 Euripidis.
450 1352 538 1432 Quae
573 1354 667 1415 etiam
702 1351 827 1414 Wilarn.
861 1352 1090 1416 Moellendorfii
1123 1356 1277 1417 sententia
1309 1362 1364 1432 est,

245 1467 299 1548 qui
328 1473 432 1528 tamen
460 1466 584 1541 iniuria,
610 1471 646 1527 ut
670 1465 747 1528 mihi
772 1466 904 1544 videtur,
929 1467 964 1528 fr.
992 1468 1055 1529 338
1081 1465 1193 1549 (Sohol.
1217 1490 1260 1530 vs.
1287 1467 1362 1551 473)

248 1578 389 1642 Pirithoo
422 1579 544 1656 tribuit,
578 1578 670 1641 Anah
703 1578 779 1641 Eur.
811 1601 840 1663 p.
874 1581 947 1643 173.
973 1579 1098 1663 Optime
1123 1580 1216 1658 enim,
1242 1585 1278 1643 ut
1300 1603 1368 1664 pro·

248 1691 320 1755 bare
355 1697 484 1755 conatus
519 1714 598 1767 sum,
634 1691 806 1775 explicatur
842 1714 926 1754 error
956 1692 1191 1755 scholiastarum
1221 1693 1245 1756 si
1275 1693 1368 1757 verba

249 1804 324 1884 κόροι
346 1829 379 1868 τε
394 1804 458 1896 ,νοόρ
481 1805 541 1868 κτέ.
569 1827 673 1867 revera
695 1805 807 1867 Thesei
831 1805 926 1868 fuisse
950 1806 1127 1869 statuimus

251 2057 304 2122 Vs.
330 2049 410 2118 536.
444 2055 663 2133 μετακυλίνδειν
685 2054 774 2118 οιὺτόν
796 2053 844 2117 risi

451 2169 518 2249 τρός
541 2169 589 2232 τὸν
612 2161 643 2230 εὗ
666 2168 833 2247 τρόττοντοι
856 2174 967 2245 τοῖχον.

297 2307 400 2372 Schol.
424 2305 517 2384 όμοιον
539 2307 579 2386 τῷ
603 2307 631 2369 ἕν
653 2307 811 2384 Ἀλκμιόνρ
837 2306 1011 2386 Εὐριτίδονι

453 2422 483 2484 οὐ
507 2420 563 2500 νοόρ
587 2421 653 2484 τοτ’
675 2417 736 2482 εἴων
761 2418 893 2483 Σόένελον
916 2420 945 2491 ές
968 2420 1016 2482 τόν
1040 2420 1154 2498 εὐτυχῆ

454 2539 606 2615 χωροῦντος
629 2541 730 2612 τοῖχον
753 2541 807 2607 τῆς
831 2532 912 2606 δίκιρς
935 2533 1110 2612 οἶτοοτερεῖν.
1207 2607 1209 2612 .

299 2661 359 2726 Par
389 2684 422 2726 se
440 2660 647 2744 'intellegitur
679 2663 732 2722 Ar.
764 2657 839 2720 haec
861 2680 924 2720 non
948 2657 1104 2719 imitatum
1129 2678 1202 2718 esse.
1229 2654 1373 2718 Utuntur

256 2783 388 2858 uterque
410 2776 540 2859 scriptor
562 2774 670 2837 eodem
692 2771 841 2855 loquendi
867 2770 967 2834 modo.

258 3026 311 3089 Vs.
336 3017 418 3087 659.
443 3020 604 3094 Ἄπολλον,
628 3019 657 3093 ός
681 3045 736 3084 τιον
760 3027 856 3094 Δῆλον
879 3017 895 3093 ἢ
921 3019 1030 3083 Πυθῶν’
1053 3017 1142 3097 ἔχεις.

302 3137 430 3202 Iambus
453 3137 603 3200 Ananiae.
626 3133 738 3218 Bergk.
763 3135 864 3197 Anao.
892 3135 920 3196 1.
945 3155 975 3216 p.
1004 3134 1077 3196 786.

257 3389 311 3452 Vs.
337 3380 417 3448 664.
454 3385 599 3456 Πόσειδον,

459 3497 489 3569 tr
514 3495 638 3573 Αἷμοοόου
661 3499 774 3574 τρῶνοος
797 3491 813 3567 ἢ
837 3495 975 3570 γλοινκοῖς
999 3491 1096 3568 μέδεις

460 3610 531 3681 οὶλός
553 3611 581 3672 έν
604 3607 741 3685 βένθεσιν.

306 3723 409 3788 Schol.
430 3720 509 3785 Ven.
533 3727 565 3784 et
587 3720 626 3782 al.
651 3719 732 3798 τιοιρόι
754 3721 805 3781 τοῦ
828 3715 1012 3797 Σοφοκλέους
1036 3716 1068 3779 ἐκ
1093 3714 1309 3786 Λωοκόωντοςι’

306 3838 448 3908 Πόσειδον,
471 3835 500 3907 tr
525 3833 648 3912 Aiyrrr'ou
672 3831 769 3909 μέδεις
792 3834 905 3910 τρῶνοος
928 3827 944 3903 ἢ
964 3832 1103 3906 γλωυκῖος
1122 3828 1219 3906 μέδεις
1231 3826 1372 3904 εὐωνέμου

263 3954 371 4029 λέμνοις
392 3950 452 4015 κτὲ.

305 4065 357 4130 rr.
381 4063 473 4148 Soph.
498 4063 572 4138 341,
597 4058 652 4122 ubi
674 4058 743 4122 vide
767 4056 959 4120 coniecturas
979 4053 1105 4138 Bergkii
1116 4060 1148 4117 et
1160 4053 1370 4118 Herwerdeni.

266 4176 449 4243 Verisimilis
483 4181 531 4239 est
563 4172 668 4258 opinio
699 4170 812 4235 Kookii
841 4167 933 4232 verba
954 4167 984 4240 ὃς
1006 4204 1052 4215 -
1074 4166 1172 4244 μέδεις
1197 4188 1213 4229 e
1236 4166 1374 4250 margine

265 4293 299 4358 in
326 4297 448 4356 textum
471 4286 686 4372 Aristophanis
708 4283 876 4369 irrepsisse.
901 4281 990 4362 Quae
1014 4281 1040 4345 si
1061 4303 1132 4344 vera
1156 4285 1212 4358 est,
1236 4279 1380 4358 Πόσειδον,

265 4407 337 4478 ιὶλδς
360 4406 389 4469 έν
411 4403 538 4482 βένόεοιν
560 4423 622 4464 non
645 4422 661 4462 a
683 4396 858 4461 Laocoonte
882 4396 1063 4460 desumtum
1093 4398 1150 4456 ast.
