<?xml version="1.0" encoding="UTF-8"?>
<!DOCTYPE html PUBLIC "-//W3C//DTD XHTML 1.0 Transitional//EN"
    "http://www.w3.org/TR/xhtml1/DTD/xhtml1-transitional.dtd">
<html xmlns="http://www.w3.org/1999/xhtml" xml:lang="en" lang="en">
 <head>
  <title>
</title>
<meta http-equiv="Content-Type" content="text/html;charset=utf-8" />
  <meta name='ocr-system' content='tesseract 3.04.00' />
  <meta name='ocr-capabilities' content='ocr_page ocr_carea ocr_par ocr_line ocrx_word'/>
</head>
<body>
  <div class='ocr_page' id='page_1' title='image "./deparodiaincomo00bakhgoog_0128.png"; bbox 0 0 3218 5370; ppageno 0'>
   <div class='ocr_carea' id='block_1_1' title="bbox 619 589 1329 651">
    <p class='ocr_par' dir='ltr' id='par_1_1' title="bbox 619 589 1329 651">
     <span class='ocr_line' id='line_1_1' title="bbox 619 589 1329 651; baseline -0.001 -1"><span class='ocrx_word' id='word_1_1' title='bbox 619 606 967 651; x_wconf 76' lang='lat' dir='ltr'>ruasuornouirzosuu.</span> <span class='ocrx_word' id='word_1_2' title='bbox 1267 589 1329 650; x_wconf 87' lang='grc'>115</span> 
     </span>
    </p>
   </div>
   <div class='ocr_carea' id='block_1_2' title="bbox 239 773 1362 1082">
    <p class='ocr_par' dir='ltr' id='par_1_2' title="bbox 239 773 1362 1082">
     <span class='ocr_line' id='line_1_2' title="bbox 240 773 1362 858; baseline -0.001 -21"><span class='ocrx_word' id='word_1_3' title='bbox 240 774 397 838; x_wconf 82' lang='lat' dir='ltr'>Fritsche:</span> <span class='ocrx_word' id='word_1_4' title='bbox 433 773 523 851; x_wconf 91' lang='lat' dir='ltr'>„Hic</span> <span class='ocrx_word' id='word_1_5' title='bbox 552 780 657 837; x_wconf 92' lang='lat' dir='ltr'>autem</span> <span class='ocrx_word' id='word_1_6' title='bbox 687 796 792 837; x_wconf 90' lang='lat' dir='ltr'>versus</span> <span class='ocrx_word' id='word_1_7' title='bbox 823 796 886 836; x_wconf 90' lang='lat' dir='ltr'>non</span> <span class='ocrx_word' id='word_1_8' title='bbox 917 773 993 838; x_wconf 90' lang='lat' dir='ltr'>certi</span> <span class='ocrx_word' id='word_1_9' title='bbox 1016 773 1077 835; x_wconf 89' lang='lat' dir='ltr'>loci</span> <span class='ocrx_word' id='word_1_10' title='bbox 1095 774 1253 858; x_wconf 89' lang='lat' dir='ltr'>parodiam</span> <span class='ocrx_word' id='word_1_11' title='bbox 1279 795 1362 836; x_wconf 92' lang='lat' dir='ltr'>com·</span> 
     </span>
     <span class='ocr_line' id='line_1_3' title="bbox 239 885 1357 972; baseline -0.001 -22"><span class='ocrx_word' id='word_1_12' title='bbox 239 888 418 972; x_wconf 88' lang='lat' dir='ltr'>„plectitur</span> <span class='ocrx_word' id='word_1_13' title='bbox 441 887 489 950; x_wconf 89' lang='lat' dir='ltr'>uti</span> <span class='ocrx_word' id='word_1_14' title='bbox 512 886 655 971; x_wconf 77' lang='lat' dir='ltr'>placebat</span> <span class='ocrx_word' id='word_1_15' title='bbox 677 885 798 964; x_wconf 81' lang='lat' dir='ltr'>Vossio,</span> <span class='ocrx_word' id='word_1_16' title='bbox 822 887 876 950; x_wconf 91' lang='lat' dir='ltr'>sed</span> <span class='ocrx_word' id='word_1_17' title='bbox 899 893 1023 949; x_wconf 90' lang='lat' dir='ltr'>tantum</span> <span class='ocrx_word' id='word_1_18' title='bbox 1047 885 1285 949; x_wconf 85' lang='lat' dir='ltr'>similitudinem</span> <span class='ocrx_word' id='word_1_19' title='bbox 1304 886 1357 949; x_wconf 92' lang='lat' dir='ltr'>ha-</span> 
     </span>
     <span class='ocr_line' id='line_1_4' title="bbox 242 997 657 1082; baseline 0 -20"><span class='ocrx_word' id='word_1_20' title='bbox 242 1047 261 1076; x_wconf 92' lang='lat'><em>„</em></span> <span class='ocrx_word' id='word_1_21' title='bbox 273 997 325 1063; x_wconf 88' lang='lat' dir='ltr'>bet</span> <span class='ocrx_word' id='word_1_22' title='bbox 346 999 481 1082; x_wconf 82' lang='lat' dir='ltr'>tragicae</span> <span class='ocrx_word' id='word_1_23' title='bbox 503 999 657 1064; x_wconf 82' lang='lat' dir='ltr'>dictionis</span> 
     </span>
    </p>
   </div>
   <div class='ocr_carea' id='block_1_3' title="bbox 193 1213 1361 1981">
    <p class='ocr_par' dir='ltr' id='par_1_3' title="bbox 193 1213 1361 1523">
     <span class='ocr_line' id='line_1_5' title="bbox 242 1213 1352 1301; baseline 0.005 -23"><span class='ocrx_word' id='word_1_24' title='bbox 242 1217 296 1282; x_wconf 82' lang='lat' dir='ltr'>Vs.</span> <span class='ocrx_word' id='word_1_25' title='bbox 322 1213 403 1281; x_wconf 74' lang='grc'>194.</span> <span class='ocrx_word' id='word_1_26' title='bbox 438 1220 550 1300; x_wconf 81' lang='grc' dir='ltr'><em>χαίρεις</em></span> <span class='ocrx_word' id='word_1_27' title='bbox 573 1221 638 1300; x_wconf 77' lang='grc' dir='ltr'><em>ὁρῶν</em></span> <span class='ocrx_word' id='word_1_28' title='bbox 662 1224 736 1301; x_wconf 77' lang='grc' dir='ltr'><em>φῶς,</em></span> <span class='ocrx_word' id='word_1_29' title='bbox 760 1218 875 1300; x_wconf 80' lang='grc' dir='ltr'><em>πατέρα</em></span> <span class='ocrx_word' id='word_1_30' title='bbox 898 1220 923 1284; x_wconf 77' lang='grc' dir='ltr'>δ’</span> <span class='ocrx_word' id='word_1_31' title='bbox 949 1221 979 1284; x_wconf 82' lang='grc' dir='ltr'>οὐ</span> <span class='ocrx_word' id='word_1_32' title='bbox 1004 1221 1114 1300; x_wconf 76' lang='grc' dir='ltr'><em>χαίρειν</em></span> <span class='ocrx_word' id='word_1_33' title='bbox 1138 1221 1249 1296; x_wconf 72' lang='grc' dir='ltr'><em>δοκεῐςι</em></span> <span class='ocrx_word' id='word_1_34' title='bbox 1350 1220 1352 1224; x_wconf 67' lang='grc'><strong>’</strong></span> 
     </span>
     <span class='ocr_line' id='line_1_6' title="bbox 193 1331 1361 1417; baseline 0.002 -23"><span class='ocrx_word' id='word_1_35' title='bbox 193 1332 196 1336; x_wconf 79' lang='grc'><strong>’</strong></span> <span class='ocrx_word' id='word_1_36' title='bbox 287 1331 343 1394; x_wconf 82' lang='lat' dir='ltr'>Ex.</span> <span class='ocrx_word' id='word_1_37' title='bbox 375 1331 450 1395; x_wconf 86' lang='lat' dir='ltr'>Eur.</span> <span class='ocrx_word' id='word_1_38' title='bbox 482 1332 550 1395; x_wconf 91' lang='lat' dir='ltr'>Alo.</span> <span class='ocrx_word' id='word_1_39' title='bbox 577 1335 649 1395; x_wconf 87' lang='grc'>691.</span> <span class='ocrx_word' id='word_1_40' title='bbox 676 1331 721 1396; x_wconf 86' lang='lat' dir='ltr'>Cf.</span> <span class='ocrx_word' id='word_1_41' title='bbox 746 1331 833 1397; x_wconf 91' lang='lat' dir='ltr'>Nub.</span> <span class='ocrx_word' id='word_1_42' title='bbox 861 1335 955 1395; x_wconf 75' lang='grc'>1115.</span> <span class='ocrx_word' id='word_1_43' title='bbox 981 1331 1021 1395; x_wconf 90' lang='lat' dir='ltr'>In</span> <span class='ocrx_word' id='word_1_44' title='bbox 1044 1333 1165 1416; x_wconf 89' lang='lat' dir='ltr'>reliqua</span> <span class='ocrx_word' id='word_1_45' title='bbox 1189 1333 1361 1417; x_wconf 90' lang='lat' dir='ltr'>Agathonis</span> 
     </span>
     <span class='ocr_line' id='line_1_7' title="bbox 243 1445 670 1523; baseline 0.002 -17"><span class='ocrx_word' id='word_1_46' title='bbox 243 1445 380 1508; x_wconf 91' lang='lat' dir='ltr'>oratione</span> <span class='ocrx_word' id='word_1_47' title='bbox 404 1469 463 1508; x_wconf 82' lang='lat' dir='ltr'>vss.</span> <span class='ocrx_word' id='word_1_48' title='bbox 490 1448 562 1523; x_wconf 78' lang='lat'>198,</span> <span class='ocrx_word' id='word_1_49' title='bbox 590 1449 670 1508; x_wconf 84' lang='lat'>199:</span> 
     </span>
    </p>

    <p class='ocr_par' dir='ltr' id='par_1_4' title="bbox 442 1555 1170 1640">
     <span class='ocr_line' id='line_1_8' title="bbox 442 1555 1170 1640; baseline -0.001 -19"><span class='ocrx_word' id='word_1_50' title='bbox 442 1558 498 1630; x_wconf 71' lang='grc' dir='ltr'><em>τοὶς</em></span> <span class='ocrx_word' id='word_1_51' title='bbox 522 1555 678 1640; x_wconf 63' lang='grc' dir='ltr'><em>ξυμφορὰς</em></span> <span class='ocrx_word' id='word_1_52' title='bbox 702 1558 758 1638; x_wconf 76' lang='grc' dir='ltr'>γαρ</span> <span class='ocrx_word' id='word_1_53' title='bbox 785 1557 854 1638; x_wconf 72' lang='grc' dir='ltr'><em>οὐχὶ</em></span> <span class='ocrx_word' id='word_1_54' title='bbox 877 1566 938 1630; x_wconf 79' lang='grc' dir='ltr'><em>τοῖς</em></span> <span class='ocrx_word' id='word_1_55' title='bbox 962 1557 1170 1638; x_wconf 65' lang='grc' dir='ltr'>τεχνάσμασιν</span> 
     </span>
    </p>

    <p class='ocr_par' dir='ltr' id='par_1_5' title="bbox 243 1669 1353 1981">
     <span class='ocr_line' id='line_1_9' title="bbox 442 1669 1067 1752; baseline -0.002 -19"><span class='ocrx_word' id='word_1_56' title='bbox 442 1670 536 1752; x_wconf 81' lang='grc' dir='ltr'><em>Φίρειν</em></span> <span class='ocrx_word' id='word_1_57' title='bbox 563 1671 668 1734; x_wconf 75' lang='grc' dir='ltr'><em>δίκαιον</em></span> <span class='ocrx_word' id='word_1_58' title='bbox 691 1671 775 1735; x_wconf 61' lang='lat' dir='ltr'>citat</span> <span class='ocrx_word' id='word_1_59' title='bbox 799 1677 860 1742; x_wconf 82' lang='grc' dir='ltr'><em>τοῖς</em></span> <span class='ocrx_word' id='word_1_60' title='bbox 885 1669 1067 1748; x_wconf 75' lang='grc' dir='ltr'><em>παθήμασιν.</em></span> 
     </span>
     <span class='ocr_line' id='line_1_10' title="bbox 243 1783 1353 1864; baseline 0.004 -20"><span class='ocrx_word' id='word_1_61' title='bbox 243 1787 275 1844; x_wconf 90' lang='lat' dir='ltr'>et</span> <span class='ocrx_word' id='word_1_62' title='bbox 308 1805 350 1846; x_wconf 89' lang='lat' dir='ltr'>vs.</span> <span class='ocrx_word' id='word_1_63' title='bbox 384 1786 446 1845; x_wconf 80' lang='grc'>205</span> <span class='ocrx_word' id='word_1_64' title='bbox 486 1783 600 1856; x_wconf 77' lang='grc' dir='ltr'><em>ίιίιιειαν</em></span> <span class='ocrx_word' id='word_1_65' title='bbox 632 1783 748 1864; x_wconf 79' lang='grc' dir='ltr'><em>Κύπριν,</em></span> <span class='ocrx_word' id='word_1_66' title='bbox 780 1790 888 1847; x_wconf 92' lang='lat' dir='ltr'>utrum</span> <span class='ocrx_word' id='word_1_67' title='bbox 918 1784 1035 1864; x_wconf 68' lang='grc' dir='ltr'><em>παρρδῇ</em></span> <span class='ocrx_word' id='word_1_68' title='bbox 1067 1805 1107 1846; x_wconf 89' lang='lat' dir='ltr'>an</span> <span class='ocrx_word' id='word_1_69' title='bbox 1136 1783 1353 1864; x_wconf 68' lang='grc' dir='ltr'><em>παρατραγῳδῇ</em></span> 
     </span>
     <span class='ocr_line' id='line_1_11' title="bbox 244 1897 555 1981; baseline 0.003 -22"><span class='ocrx_word' id='word_1_70' title='bbox 244 1902 335 1981; x_wconf 88' lang='lat' dir='ltr'>poeta</span> <span class='ocrx_word' id='word_1_71' title='bbox 358 1918 421 1960; x_wconf 88' lang='lat' dir='ltr'>non</span> <span class='ocrx_word' id='word_1_72' title='bbox 444 1897 555 1980; x_wconf 90' lang='lat' dir='ltr'>liquet.</span> 
     </span>
    </p>
   </div>
   <div class='ocr_carea' id='block_1_4' title="bbox 246 2099 1004 2199">
    <p class='ocr_par' dir='ltr' id='par_1_6' title="bbox 246 2099 1004 2199">
     <span class='ocr_line' id='line_1_12' title="bbox 246 2099 1004 2199; baseline 0.001 -19"><span class='ocrx_word' id='word_1_73' title='bbox 246 2118 300 2181; x_wconf 83' lang='lat' dir='ltr'>Vs.</span> <span class='ocrx_word' id='word_1_74' title='bbox 325 2112 406 2182; x_wconf 80' lang='grc'>272.</span> <span class='ocrx_word' id='word_1_75' title='bbox 443 2117 551 2196; x_wconf 79' lang='grc' dir='ltr'><em>ίμννμι</em></span> <span class='ocrx_word' id='word_1_76' title='bbox 575 2118 665 2182; x_wconf 79' lang='grc' dir='ltr'><em>τοίνυν</em></span> <span class='ocrx_word' id='word_1_77' title='bbox 689 2118 773 2199; x_wconf 77' lang='grc' dir='ltr'><em>αἰθέρ’</em></span> <span class='ocrx_word' id='word_1_78' title='bbox 797 2116 902 2192; x_wconf 77' lang='grc' dir='ltr'><em>οίκνσιν</em></span> <span class='ocrx_word' id='word_1_79' title='bbox 927 2099 1004 2191; x_wconf 79' lang='grc' dir='ltr'><em>Διός.</em></span> 
     </span>
    </p>
   </div>
   <div class='ocr_carea' id='block_1_5' title="bbox 244 2221 1360 2528">
    <p class='ocr_par' dir='ltr' id='par_1_7' title="bbox 244 2221 1360 2528">
     <span class='ocr_line' id='line_1_13' title="bbox 291 2221 1357 2317; baseline 0.001 -24"><span class='ocrx_word' id='word_1_80' title='bbox 291 2230 391 2294; x_wconf 85' lang='lat' dir='ltr'>Sobel.</span> <span class='ocrx_word' id='word_1_81' title='bbox 415 2234 448 2295; x_wconf 84' lang='grc' dir='ltr'>ἐκ</span> <span class='ocrx_word' id='word_1_82' title='bbox 471 2221 524 2304; x_wconf 76' lang='grc' dir='ltr'>τῆς</span> <span class='ocrx_word' id='word_1_83' title='bbox 548 2231 746 2305; x_wconf 74' lang='grc' dir='ltr'><em>Μελανίππης</em></span> <span class='ocrx_word' id='word_1_84' title='bbox 769 2232 935 2311; x_wconf 76' lang='grc' dir='ltr'><em>Εὐριπίδου,</em></span> <span class='ocrx_word' id='word_1_85' title='bbox 960 2233 980 2294; x_wconf 92' lang='lat' dir='ltr'>i.</span> <span class='ocrx_word' id='word_1_86' title='bbox 1006 2255 1032 2295; x_wconf 91' lang='lat' dir='ltr'>e.</span> <span class='ocrx_word' id='word_1_87' title='bbox 1057 2256 1073 2294; x_wconf 90' lang='lat' dir='ltr'>e</span> <span class='ocrx_word' id='word_1_88' title='bbox 1094 2229 1272 2317; x_wconf 84' lang='lat' dir='ltr'>Melanippo</span> <span class='ocrx_word' id='word_1_89' title='bbox 1296 2232 1357 2317; x_wconf 91' lang='lat' dir='ltr'>phi·</span> 
     </span>
     <span class='ocr_line' id='line_1_14' title="bbox 244 2330 1360 2428; baseline 0.003 -24"><span class='ocrx_word' id='word_1_90' title='bbox 244 2341 383 2427; x_wconf 90' lang='lat' dir='ltr'>losopha,</span> <span class='ocrx_word' id='word_1_91' title='bbox 409 2343 520 2428; x_wconf 86' lang='lat' dir='ltr'>(Schol.</span> <span class='ocrx_word' id='word_1_92' title='bbox 545 2330 624 2407; x_wconf 51' lang='lat' dir='ltr'>Rani</span> <span class='ocrx_word' id='word_1_93' title='bbox 651 2346 724 2428; x_wconf 92' lang='grc'>100)</span> <span class='ocrx_word' id='word_1_94' title='bbox 749 2344 786 2407; x_wconf 80' lang='lat' dir='ltr'>fr.</span> <span class='ocrx_word' id='word_1_95' title='bbox 811 2347 885 2408; x_wconf 73' lang='lat'>491.</span> <span class='ocrx_word' id='word_1_96' title='bbox 910 2343 1019 2422; x_wconf 80' lang='grc' dir='ltr'><em>ίμννμι</em></span> <span class='ocrx_word' id='word_1_97' title='bbox 1039 2345 1064 2408; x_wconf 77' lang='grc' dir='ltr'>δ’</span> <span class='ocrx_word' id='word_1_98' title='bbox 1086 2346 1138 2426; x_wconf 81' lang='grc' dir='ltr'><em>ἱρὸν</em></span> <span class='ocrx_word' id='word_1_99' title='bbox 1159 2345 1241 2426; x_wconf 78' lang='grc' dir='ltr'><em>αἰθέρ’</em></span> <span class='ocrx_word' id='word_1_100' title='bbox 1255 2342 1360 2418; x_wconf 80' lang='grc' dir='ltr'><em>οίκνσιν</em></span> 
     </span>
     <span class='ocr_line' id='line_1_15' title="bbox 247 2454 833 2528; baseline 0.003 -10"><span class='ocrx_word' id='word_1_101' title='bbox 247 2456 323 2528; x_wconf 78' lang='grc' dir='ltr'><em>Διός.</em></span> <span class='ocrx_word' id='word_1_102' title='bbox 350 2454 423 2520; x_wconf 86' lang='lat' dir='ltr'>Vid.</span> <span class='ocrx_word' id='word_1_103' title='bbox 448 2454 487 2518; x_wconf 88' lang='lat' dir='ltr'>ad</span> <span class='ocrx_word' id='word_1_104' title='bbox 510 2455 589 2519; x_wconf 85' lang='lat' dir='ltr'>Ran.</span> <span class='ocrx_word' id='word_1_105' title='bbox 617 2459 678 2519; x_wconf 92' lang='grc'>100</span> <span class='ocrx_word' id='word_1_106' title='bbox 704 2463 736 2520; x_wconf 92' lang='lat' dir='ltr'>et</span> <span class='ocrx_word' id='word_1_107' title='bbox 759 2458 833 2520; x_wconf 84' lang='grc'>311.</span> 
     </span>
    </p>
   </div>
   <div class='ocr_carea' id='block_1_6' title="bbox 243 2669 1364 3439">
    <p class='ocr_par' dir='ltr' id='par_1_8' title="bbox 243 2669 1364 3439">
     <span class='ocr_line' id='line_1_16' title="bbox 244 2669 1155 2759; baseline 0.001 -19"><span class='ocrx_word' id='word_1_108' title='bbox 244 2678 297 2742; x_wconf 86' lang='lat' dir='ltr'>Vs.</span> <span class='ocrx_word' id='word_1_109' title='bbox 323 2673 403 2743; x_wconf 80' lang='grc'>275.</span> <span class='ocrx_word' id='word_1_110' title='bbox 423 2669 574 2756; x_wconf 58' lang='grc' dir='ltr'>7με’μννσο</span> <span class='ocrx_word' id='word_1_111' title='bbox 596 2677 687 2741; x_wconf 82' lang='grc' dir='ltr'><em>τοίνυν</em></span> <span class='ocrx_word' id='word_1_112' title='bbox 709 2678 805 2751; x_wconf 78' lang='grc' dir='ltr'><em>ταῦθ’,</em></span> <span class='ocrx_word' id='word_1_113' title='bbox 829 2674 871 2741; x_wconf 69' lang='grc' dir='ltr'>ἔτι</span> <span class='ocrx_word' id='word_1_114' title='bbox 894 2679 910 2751; x_wconf 76' lang='grc' dir='ltr'><strong><em>ἡ</em></strong></span> <span class='ocrx_word' id='word_1_115' title='bbox 935 2677 1009 2759; x_wconf 76' lang='grc' dir='ltr'><em>Φρὴν</em></span> <span class='ocrx_word' id='word_1_116' title='bbox 1034 2677 1155 2756; x_wconf 81' lang='grc' dir='ltr'><em>ὤμοσεν,</em></span> 
     </span>
     <span class='ocr_line' id='line_1_17' title="bbox 446 2790 904 2869; baseline -0.002 -14"><span class='ocrx_word' id='word_1_117' title='bbox 446 2792 609 2869; x_wconf 70' lang='grc' dir='ltr'><em>ἡχλῶττα</em></span> <span class='ocrx_word' id='word_1_118' title='bbox 632 2790 657 2855; x_wconf 76' lang='grc' dir='ltr'>δ’</span> <span class='ocrx_word' id='word_1_119' title='bbox 687 2793 739 2855; x_wconf 84' lang='grc' dir='ltr'>οὐκ</span> <span class='ocrx_word' id='word_1_120' title='bbox 762 2790 904 2869; x_wconf 77' lang='grc' dir='ltr'>ὀμώμοκ’.</span> 
     </span>
     <span class='ocr_line' id='line_1_18' title="bbox 289 2903 1358 2988; baseline -0.001 -18"><span class='ocrx_word' id='word_1_121' title='bbox 289 2904 495 2970; x_wconf 86' lang='lat' dir='ltr'>Notissimum</span> <span class='ocrx_word' id='word_1_122' title='bbox 518 2911 565 2967; x_wconf 89' lang='lat' dir='ltr'>est</span> <span class='ocrx_word' id='word_1_123' title='bbox 582 2904 663 2967; x_wconf 90' lang='lat' dir='ltr'>illud</span> <span class='ocrx_word' id='word_1_124' title='bbox 684 2903 857 2988; x_wconf 79' lang='lat' dir='ltr'><strong>Hippolyti,</strong></span> <span class='ocrx_word' id='word_1_125' title='bbox 877 2926 921 2968; x_wconf 81' lang='lat' dir='ltr'>vs,</span> <span class='ocrx_word' id='word_1_126' title='bbox 942 2907 1014 2980; x_wconf 77' lang='lat'>612,</span> <span class='ocrx_word' id='word_1_127' title='bbox 1036 2909 1053 2976; x_wconf 72' lang='grc' dir='ltr'>ἡ</span> <span class='ocrx_word' id='word_1_128' title='bbox 1073 2903 1185 2981; x_wconf 75' lang='grc' dir='ltr'><em>γλῶσσ’</em></span> <span class='ocrx_word' id='word_1_129' title='bbox 1208 2905 1358 2986; x_wconf 60' lang='grc' dir='ltr'><em>ίμοίμοχζ</em></span> 
     </span>
     <span class='ocr_line' id='line_1_19' title="bbox 246 3015 1364 3101; baseline -0.002 -20"><span class='ocrx_word' id='word_1_130' title='bbox 246 3019 262 3091; x_wconf 77' lang='grc' dir='ltr'><strong><em>ἡ</em></strong></span> <span class='ocrx_word' id='word_1_131' title='bbox 294 3018 325 3081; x_wconf 78' lang='grc' dir='ltr'>δὲ</span> <span class='ocrx_word' id='word_1_132' title='bbox 354 3016 429 3098; x_wconf 73' lang='grc' dir='ltr'><em>φρὴν</em></span> <span class='ocrx_word' id='word_1_133' title='bbox 459 3016 615 3094; x_wconf 60' lang='lat' dir='ltr'>actuosa.</span> <span class='ocrx_word' id='word_1_134' title='bbox 649 3015 801 3079; x_wconf 87' lang='lat' dir='ltr'>Veterum</span> <span class='ocrx_word' id='word_1_135' title='bbox 832 3015 875 3079; x_wconf 88' lang='lat' dir='ltr'>de·</span> <span class='ocrx_word' id='word_1_136' title='bbox 901 3015 960 3079; x_wconf 92' lang='lat' dir='ltr'>hoc</span> <span class='ocrx_word' id='word_1_137' title='bbox 983 3039 1074 3080; x_wconf 89' lang='lat' dir='ltr'>versu</span> <span class='ocrx_word' id='word_1_138' title='bbox 1093 3016 1210 3080; x_wconf 87' lang='lat' dir='ltr'>iudicia</span> <span class='ocrx_word' id='word_1_139' title='bbox 1237 3017 1364 3101; x_wconf 80' lang='lat' dir='ltr'>collegit</span> 
     </span>
     <span class='ocr_line' id='line_1_20' title="bbox 243 3127 1362 3215; baseline 0.001 -24"><span class='ocrx_word' id='word_1_140' title='bbox 243 3129 436 3193; x_wconf 80' lang='lat' dir='ltr'>Valckenaer</span> <span class='ocrx_word' id='word_1_141' title='bbox 468 3153 495 3191; x_wconf 89' lang='lat' dir='ltr'>a.</span> <span class='ocrx_word' id='word_1_142' title='bbox 524 3129 554 3192; x_wconf 88' lang='lat' dir='ltr'>h.</span> <span class='ocrx_word' id='word_1_143' title='bbox 578 3129 599 3192; x_wconf 94' lang='grc'>1.</span> <span class='ocrx_word' id='word_1_144' title='bbox 609 3155 618 3206; x_wconf 85' lang='grc'><strong>;</strong></span> <span class='ocrx_word' id='word_1_145' title='bbox 643 3129 681 3192; x_wconf 91' lang='lat' dir='ltr'>de</span> <span class='ocrx_word' id='word_1_146' title='bbox 703 3127 866 3213; x_wconf 75' lang='lat' dir='ltr'>Hippolyti</span> <span class='ocrx_word' id='word_1_147' title='bbox 890 3129 1090 3193; x_wconf 90' lang='lat' dir='ltr'>iureiurando</span> <span class='ocrx_word' id='word_1_148' title='bbox 1115 3129 1285 3215; x_wconf 90' lang='lat' dir='ltr'>disputavit</span> <span class='ocrx_word' id='word_1_149' title='bbox 1310 3128 1362 3192; x_wconf 89' lang='lat' dir='ltr'>W.</span> 
     </span>
     <span class='ocr_line' id='line_1_21' title="bbox 247 3239 827 3325; baseline -0.01 -18"><span class='ocrx_word' id='word_1_150' title='bbox 247 3243 395 3308; x_wconf 84' lang='lat' dir='ltr'>Ribbeck.</span> <span class='ocrx_word' id='word_1_151' title='bbox 421 3243 498 3306; x_wconf 86' lang='lat' dir='ltr'>th.</span> <span class='ocrx_word' id='word_1_152' title='bbox 522 3239 606 3305; x_wconf 90' lang='lat' dir='ltr'>Anh.</span> <span class='ocrx_word' id='word_1_153' title='bbox 627 3263 657 3325; x_wconf 92' lang='lat' dir='ltr'>p.</span> <span class='ocrx_word' id='word_1_154' title='bbox 683 3243 757 3304; x_wconf 85' lang='grc'>301.</span> <span class='ocrx_word' id='word_1_155' title='bbox 820 3310 827 3319; x_wconf 84' lang='lat'>.</span> 
     </span>
     <span class='ocr_line' id='line_1_22' title="bbox 289 3354 1359 3439; baseline -0.002 -19"><span class='ocrx_word' id='word_1_156' title='bbox 289 3356 383 3436; x_wconf 76' lang='lat' dir='ltr'>Quod</span> <span class='ocrx_word' id='word_1_157' title='bbox 417 3363 449 3420; x_wconf 88' lang='lat' dir='ltr'>et</span> <span class='ocrx_word' id='word_1_158' title='bbox 481 3355 535 3418; x_wconf 88' lang='lat' dir='ltr'>alii</span> <span class='ocrx_word' id='word_1_159' title='bbox 566 3361 597 3416; x_wconf 88' lang='lat' dir='ltr'>et</span> <span class='ocrx_word' id='word_1_160' title='bbox 626 3354 767 3438; x_wconf 86' lang='lat' dir='ltr'>inprimis</span> <span class='ocrx_word' id='word_1_161' title='bbox 798 3354 1022 3439; x_wconf 87' lang='lat' dir='ltr'>Aristophanes</span> <span class='ocrx_word' id='word_1_162' title='bbox 1045 3355 1133 3438; x_wconf 83' lang='lat' dir='ltr'>(Rau.</span> <span class='ocrx_word' id='word_1_163' title='bbox 1162 3358 1233 3433; x_wconf 78' lang='grc'>100,</span> <span class='ocrx_word' id='word_1_164' title='bbox 1260 3355 1359 3439; x_wconf 72' lang='grc'>1171)</span> 
     </span>
    </p>
   </div>
   <div class='ocr_carea' id='block_1_7' title="bbox 148 3467 1364 3552">
    <p class='ocr_par' dir='ltr' id='par_1_9' title="bbox 148 3467 1364 3552">
     <span class='ocr_line' id='line_1_23' title="bbox 148 3467 1364 3552; baseline -0.001 -20"><span class='ocrx_word' id='word_1_165' title='bbox 148 3513 151 3518; x_wconf 91' lang='grc'><strong>-</strong></span> <span class='ocrx_word' id='word_1_166' title='bbox 246 3477 310 3532; x_wconf 90' lang='lat' dir='ltr'>tam</span> <span class='ocrx_word' id='word_1_167' title='bbox 334 3467 442 3532; x_wconf 87' lang='lat' dir='ltr'>acerbe</span> <span class='ocrx_word' id='word_1_168' title='bbox 464 3468 558 3531; x_wconf 93' lang='lat' dir='ltr'>huius</span> <span class='ocrx_word' id='word_1_169' title='bbox 582 3489 687 3529; x_wconf 89' lang='lat' dir='ltr'>versus</span> <span class='ocrx_word' id='word_1_170' title='bbox 711 3489 802 3529; x_wconf 87' lang='lat' dir='ltr'>eausa</span> <span class='ocrx_word' id='word_1_171' title='bbox 825 3467 858 3529; x_wconf 90' lang='lat' dir='ltr'>in</span> <span class='ocrx_word' id='word_1_172' title='bbox 881 3468 1063 3552; x_wconf 83' lang='lat' dir='ltr'>Euripidem</span> <span class='ocrx_word' id='word_1_173' title='bbox 1087 3469 1201 3532; x_wconf 86' lang='lat' dir='ltr'>invecti</span> <span class='ocrx_word' id='word_1_174' title='bbox 1225 3476 1300 3533; x_wconf 91' lang='lat' dir='ltr'>sunt</span> <span class='ocrx_word' id='word_1_175' title='bbox 1319 3490 1364 3531; x_wconf 89' lang='lat' dir='ltr'>ar-</span> 
     </span>
    </p>
   </div>
   <div class='ocr_carea' id='block_1_8' title="bbox 243 3579 1420 4456">
    <p class='ocr_par' dir='ltr' id='par_1_10' title="bbox 243 3579 1420 4456">
     <span class='ocr_line' id='line_1_24' title="bbox 247 3579 1367 3667; baseline 0.002 -23"><span class='ocrx_word' id='word_1_176' title='bbox 247 3588 432 3665; x_wconf 91' lang='lat' dir='ltr'>gumentum</span> <span class='ocrx_word' id='word_1_177' title='bbox 464 3603 528 3644; x_wconf 90' lang='lat' dir='ltr'>esse</span> <span class='ocrx_word' id='word_1_178' title='bbox 552 3579 663 3662; x_wconf 89' lang='lat' dir='ltr'>nequit</span> <span class='ocrx_word' id='word_1_179' title='bbox 685 3579 868 3656; x_wconf 87' lang='lat' dir='ltr'>sanctitatis,</span> <span class='ocrx_word' id='word_1_180' title='bbox 892 3602 984 3663; x_wconf 88' lang='lat' dir='ltr'>quam</span> <span class='ocrx_word' id='word_1_181' title='bbox 1010 3581 1248 3645; x_wconf 88' lang='lat' dir='ltr'>Atheniensium</span> <span class='ocrx_word' id='word_1_182' title='bbox 1270 3603 1367 3667; x_wconf 91' lang='lat' dir='ltr'>popu·</span> 
     </span>
     <span class='ocr_line' id='line_1_25' title="bbox 244 3691 1360 3779; baseline -0.002 -22"><span class='ocrx_word' id='word_1_183' title='bbox 244 3694 294 3757; x_wconf 90' lang='lat' dir='ltr'>lus</span> <span class='ocrx_word' id='word_1_184' title='bbox 317 3693 517 3757; x_wconf 87' lang='lat' dir='ltr'>iureiurando</span> <span class='ocrx_word' id='word_1_185' title='bbox 541 3692 695 3769; x_wconf 86' lang='lat' dir='ltr'>tribuerit,</span> <span class='ocrx_word' id='word_1_186' title='bbox 720 3691 774 3755; x_wconf 91' lang='lat' dir='ltr'>sed</span> <span class='ocrx_word' id='word_1_187' title='bbox 792 3691 920 3776; x_wconf 87' lang='lat' dir='ltr'>probare</span> <span class='ocrx_word' id='word_1_188' title='bbox 939 3693 1015 3755; x_wconf 91' lang='lat' dir='ltr'>mihi</span> <span class='ocrx_word' id='word_1_189' title='bbox 1035 3693 1157 3757; x_wconf 90' lang='lat' dir='ltr'>videtur</span> <span class='ocrx_word' id='word_1_190' title='bbox 1169 3716 1279 3757; x_wconf 87' lang='lat' dir='ltr'>novam</span> <span class='ocrx_word' id='word_1_191' title='bbox 1291 3694 1360 3779; x_wconf 92' lang='lat' dir='ltr'>phi-</span> 
     </span>
     <span class='ocr_line' id='line_1_26' title="bbox 244 3805 1363 3893; baseline 0 -22"><span class='ocrx_word' id='word_1_192' title='bbox 244 3808 415 3893; x_wconf 88' lang='lat' dir='ltr'>losophiam</span> <span class='ocrx_word' id='word_1_193' title='bbox 438 3807 587 3883; x_wconf 87' lang='lat' dir='ltr'>criticam,</span> <span class='ocrx_word' id='word_1_194' title='bbox 611 3827 690 3888; x_wconf 86' lang='lat' dir='ltr'>quac</span> <span class='ocrx_word' id='word_1_195' title='bbox 714 3806 751 3869; x_wconf 91' lang='lat' dir='ltr'>de</span> <span class='ocrx_word' id='word_1_196' title='bbox 775 3805 919 3870; x_wconf 91' lang='lat' dir='ltr'>omnibus</span> <span class='ocrx_word' id='word_1_197' title='bbox 942 3808 1113 3892; x_wconf 87' lang='lat' dir='ltr'>praeceptis</span> <span class='ocrx_word' id='word_1_198' title='bbox 1133 3830 1254 3871; x_wconf 87' lang='lat' dir='ltr'>morum</span> <span class='ocrx_word' id='word_1_199' title='bbox 1273 3815 1303 3870; x_wconf 89' lang='lat' dir='ltr'>et</span> <span class='ocrx_word' id='word_1_200' title='bbox 1326 3809 1363 3872; x_wconf 91' lang='lat' dir='ltr'>de</span> 
     </span>
     <span class='ocr_line' id='line_1_27' title="bbox 245 3918 1359 4001; baseline 0.001 -18"><span class='ocrx_word' id='word_1_201' title='bbox 245 3919 337 3983; x_wconf 89' lang='lat' dir='ltr'>rebus</span> <span class='ocrx_word' id='word_1_202' title='bbox 359 3919 472 3982; x_wconf 88' lang='lat' dir='ltr'>divinis</span> <span class='ocrx_word' id='word_1_203' title='bbox 491 3919 704 4001; x_wconf 90' lang='lat' dir='ltr'>quaestionem</span> <span class='ocrx_word' id='word_1_204' title='bbox 722 3918 916 3999; x_wconf 90' lang='lat' dir='ltr'>instituebat,</span> <span class='ocrx_word' id='word_1_205' title='bbox 936 3921 998 3982; x_wconf 89' lang='lat' dir='ltr'>iam</span> <span class='ocrx_word' id='word_1_206' title='bbox 1012 3920 1183 3983; x_wconf 92' lang='lat' dir='ltr'>multorum</span> <span class='ocrx_word' id='word_1_207' title='bbox 1195 3928 1272 3984; x_wconf 91' lang='lat' dir='ltr'>tunc</span> <span class='ocrx_word' id='word_1_208' title='bbox 1284 3927 1359 3984; x_wconf 91' lang='lat' dir='ltr'>tem·</span> 
     </span>
     <span class='ocr_line' id='line_1_28' title="bbox 245 4031 1363 4119; baseline 0 -22"><span class='ocrx_word' id='word_1_209' title='bbox 245 4035 327 4119; x_wconf 91' lang='lat' dir='ltr'>poris</span> <span class='ocrx_word' id='word_1_210' title='bbox 360 4035 478 4097; x_wconf 85' lang='lat' dir='ltr'>animos</span> <span class='ocrx_word' id='word_1_211' title='bbox 508 4054 682 4117; x_wconf 85' lang='lat' dir='ltr'>occupasse,</span> <span class='ocrx_word' id='word_1_212' title='bbox 714 4032 759 4094; x_wconf 91' lang='lat' dir='ltr'>ita</span> <span class='ocrx_word' id='word_1_213' title='bbox 789 4037 827 4094; x_wconf 84' lang='lat' dir='ltr'>ut</span> <span class='ocrx_word' id='word_1_214' title='bbox 854 4032 877 4094; x_wconf 92' lang='lat' dir='ltr'>ii</span> <span class='ocrx_word' id='word_1_215' title='bbox 900 4031 1014 4115; x_wconf 92' lang='lat' dir='ltr'>quibus</span> <span class='ocrx_word' id='word_1_216' title='bbox 1038 4035 1167 4116; x_wconf 90' lang='lat' dir='ltr'>antiqua</span> <span class='ocrx_word' id='word_1_217' title='bbox 1190 4035 1289 4118; x_wconf 89' lang='lat' dir='ltr'>pietas</span> <span class='ocrx_word' id='word_1_218' title='bbox 1312 4057 1363 4118; x_wconf 88' lang='lat' dir='ltr'>pa-</span> 
     </span>
     <span class='ocr_line' id='line_1_29' title="bbox 244 4144 1420 4230; baseline 0.004 -21"><span class='ocrx_word' id='word_1_219' title='bbox 244 4147 360 4230; x_wconf 89' lang='lat' dir='ltr'>triique</span> <span class='ocrx_word' id='word_1_220' title='bbox 380 4169 479 4211; x_wconf 87' lang='lat' dir='ltr'>mores</span> <span class='ocrx_word' id='word_1_221' title='bbox 501 4145 586 4209; x_wconf 88' lang='lat' dir='ltr'>cordi</span> <span class='ocrx_word' id='word_1_222' title='bbox 608 4151 719 4223; x_wconf 87' lang='lat' dir='ltr'>essent,</span> <span class='ocrx_word' id='word_1_223' title='bbox 743 4168 782 4208; x_wconf 91' lang='lat' dir='ltr'>ne</span> <span class='ocrx_word' id='word_1_224' title='bbox 805 4144 1059 4209; x_wconf 85' lang='lat' dir='ltr'>subverterentur</span> <span class='ocrx_word' id='word_1_225' title='bbox 1083 4152 1268 4211; x_wconf 87' lang='lat' dir='ltr'>metuerent.</span> <span class='ocrx_word' id='word_1_226' title='bbox 1292 4145 1361 4210; x_wconf 91' lang='lat' dir='ltr'>Hoc</span> <span class='ocrx_word' id='word_1_227' title='bbox 1418 4209 1420 4214; x_wconf 91' lang='lat'><em>.</em></span> 
     </span>
     <span class='ocr_line' id='line_1_30' title="bbox 245 4257 1359 4345; baseline -0.001 -22"><span class='ocrx_word' id='word_1_228' title='bbox 245 4260 307 4324; x_wconf 88' lang='lat' dir='ltr'>nisi</span> <span class='ocrx_word' id='word_1_229' title='bbox 336 4260 480 4345; x_wconf 92' lang='lat' dir='ltr'>ponimus</span> <span class='ocrx_word' id='word_1_230' title='bbox 511 4257 653 4340; x_wconf 86' lang='lat' dir='ltr'>intellegi</span> <span class='ocrx_word' id='word_1_231' title='bbox 681 4258 791 4341; x_wconf 88' lang='lat' dir='ltr'>nequit</span> <span class='ocrx_word' id='word_1_232' title='bbox 815 4280 869 4322; x_wconf 87' lang='lat' dir='ltr'>cur</span> <span class='ocrx_word' id='word_1_233' title='bbox 892 4258 1017 4322; x_wconf 90' lang='lat' dir='ltr'>tandem</span> <span class='ocrx_word' id='word_1_234' title='bbox 1041 4280 1146 4322; x_wconf 89' lang='lat' dir='ltr'>versus</span> <span class='ocrx_word' id='word_1_235' title='bbox 1169 4258 1359 4344; x_wconf 78' lang='lat' dir='ltr'>Euripideus</span> 
     </span>
     <span class='ocr_line' id='line_1_31' title="bbox 243 4371 1360 4456; baseline 0 -19"><span class='ocrx_word' id='word_1_236' title='bbox 243 4380 365 4437; x_wconf 88' lang='lat' dir='ltr'>tantam</span> <span class='ocrx_word' id='word_1_237' title='bbox 393 4371 640 4456; x_wconf 88' lang='lat' dir='ltr'>indignationem</span> <span class='ocrx_word' id='word_1_238' title='bbox 662 4371 792 4436; x_wconf 82' lang='lat' dir='ltr'>moverit</span> <span class='ocrx_word' id='word_1_239' title='bbox 813 4377 855 4451; x_wconf 90' lang='lat' dir='ltr'>et,</span> <span class='ocrx_word' id='word_1_240' title='bbox 880 4371 906 4435; x_wconf 89' lang='lat' dir='ltr'>si</span> <span class='ocrx_word' id='word_1_241' title='bbox 929 4393 1035 4434; x_wconf 89' lang='lat' dir='ltr'>verum</span> <span class='ocrx_word' id='word_1_242' title='bbox 1059 4372 1213 4454; x_wconf 86' lang='lat' dir='ltr'>estquod</span> <span class='ocrx_word' id='word_1_243' title='bbox 1240 4372 1360 4437; x_wconf 87' lang='lat' dir='ltr'>Aristo·</span> 
     </span>
    </p>
   </div>
   <div class='ocr_carea' id='block_1_9' title="bbox 0 0 1615 5370">
    <p class='ocr_par' dir='ltr' id='par_1_11' title="bbox 0 0 1615 5370">
     <span class='ocr_line' id='line_1_32' title="bbox 0 0 1615 5370; baseline 0 0"><span class='ocrx_word' id='word_1_244' title='bbox 0 0 1615 5370; x_wconf 95' lang='lat' dir='ltr'> </span> 
     </span>
    </p>
   </div>
  </div>
 </body>
</html>
