3218 5370
716 608 718 610 ·
764 605 851 650 uvas
1298 591 1339 651 99

242 773 344 855 deute,
376 780 408 837 et
431 772 540 835 afferat
561 769 620 834 Od.
646 770 676 832 X
696 773 769 850 507,
794 770 848 834 ubi
867 771 1001 855 legimus
1027 771 1165 856 Ulyssem
1189 773 1227 837 ab
1252 775 1355 839 insola

242 887 347 952 Circes
376 888 551 972 profectum
581 908 642 949 non
674 891 781 948 austro
808 884 966 968 navigasse
996 884 1049 948 sed
1073 887 1227 968 aquilone,
1253 888 1359 971 itaque

241 1001 398 1084 regionem
422 999 567 1084 petivisse
590 998 671 1061 inter
695 1019 838 1061 occasum
864 997 937 1061 solis
960 1003 991 1060 et
1011 998 1174 1062 meridiem
1187 1000 1287 1063 sitam.
1302 1000 1363 1064 Cui

241 1112 410 1198 respondeo
445 1111 523 1175 hanc
554 1132 660 1174 revera
688 1111 782 1173 luisse
813 1110 991 1194 opinionem
1021 1117 1131 1194 poetae
1154 1112 1209 1194 qui
1234 1112 1362 1177 Ns‘aurrrr

243 1227 327 1303 fecit,
351 1226 424 1289 inde
447 1247 519 1288 vero
543 1246 606 1287 non
630 1224 719 1306 sequi
742 1222 931 1307 Aeschylum
955 1245 1079 1306 quoque
1102 1224 1158 1287 hos
1183 1224 1365 1290 Cimmerios

244 1340 277 1402 iu
307 1333 365 1402 hac
395 1345 550 1402 terrarum
574 1344 661 1421 parte
686 1336 833 1421 posuisse.
860 1335 1040 1399 Mirandum
1065 1343 1111 1400 est
1134 1339 1272 1422 prolecto
1296 1362 1368 1424 poe·

244 1459 307 1516 tam
339 1451 468 1523 Νεκυίας
492 1457 600 1514 contra
624 1449 727 1513 omnia
752 1455 890 1512 veterum
913 1449 1092 1513 testimonia
1116 1449 1296 1517 Cimmerios
1320 1453 1366 1517 in·
1439 1443 1441 1447 ’

244 1567 327 1631 colas
353 1565 499 1629 habuisse
531 1564 667 1648 regionis
697 1563 890 1628 occidentem
915 1563 1011 1628 solem
1035 1565 1213 1648 spectantis,
1237 1572 1364 1631 etcum

244 1681 371 1744 nullum
405 1701 537 1762 usquam
570 1678 628 1741 hac
664 1678 702 1741 de
735 1700 767 1740 re
797 1677 1011 1740 testimonium
1042 1679 1214 1762 reperiatur
1245 1685 1367 1764 praeter

246 1794 401 1878 Odysseae
424 1793 528 1856 locum
552 1791 694 1868 allatum,
721 1790 887 1853 verisimile
907 1790 983 1852 mibi
1003 1790 1128 1854 videtur
1148 1798 1270 1876 poetam
1290 1792 1367 1856 duas

246 1930 294 1971 res
324 1908 459 1971 diversas
490 1904 665 1968 confudisse
689 1910 721 1967 et
744 1904 952 1981 coniunxisse,
976 1902 1119 1967 tenebras
1144 1905 1311 1970 occidentis
1335 1913 1367 1970 et

245 2027 367 2084 noctem
392 2005 632 2082 Cimmeriorum
647 2015 682 2101 ¹).

289 2132 349 2196 Sed
372 2137 447 2196 utut
472 2137 528 2208 est,
554 2137 672 2194 certum
698 2137 747 2193 est
767 2129 953 2214 Aeschylum
973 2129 1154 2194 Cimmerios
1174 2132 1293 2196 novisse
1306 2132 1364 2196 sub

244 2245 509 2331 septentrionibus
540 2243 727 2320 habitantes,
760 2241 863 2306 Prom.
898 2243 977 2321 7305
1002 2243 1091 2306 nulla
1115 2244 1213 2328 igitur
1235 2246 1365 2310 difficul-

244 2366 309 2423 tate
332 2359 485 2444 premitur
509 2357 686 2421 coniectura
712 2354 916 2438 Aeschylum,
941 2356 996 2438 qui
1019 2378 1056 2418 ex
1080 2354 1217 2420 Homero
1240 2364 1369 2421 noverat

246 2471 387 2556 Ulyssem
417 2472 502 2535 hunc
532 2470 685 2556 populum
709 2469 831 2546 adiisse,
855 2469 996 2533 deveris
1020 2468 1195 2533 Cimmeriis
1218 2472 1368 2555 cogitasse

247 2592 278 2649 et
309 2584 484 2648 Cimmerici
507 2583 731 2664 ψυχομαντεῖον
754 2583 787 2646 in
810 2581 988 2645 Promethei
1011 2582 1133 2647 casibus
1157 2583 1367 2650 describendis

247 2699 437 2762 mentionem
460 2697 577 2762 fecisse.

292 2812 381 2893 Quae
394 2812 421 2876 si
432 2810 621 2889 admittitor,
634 2809 734 2886 λίμνη,
748 2832 792 2872 vs.
809 2810 892 2872 1553
907 2810 1034 2886 Avium,
1047 2788 1213 2895 respondet
1223 2812 1367 2898 Aeschyli

247 2927 335 3006 alnay
364 2947 459 3010 prope
482 2923 637 2987 Isthmum
661 2921 881 2986 Cimmericum
907 2924 962 3006 qui
986 2923 1080 2986 etiarn
1104 2922 1206 2988 Prom.
1232 2928 1294 2990 729
1320 2948 1368 2990 oc-

247 3039 356 3117 currit,
388 3041 420 3100 et
448 3035 612 3107 Σκιιὲποδες
645 3035 804 3099 detortum
831 3042 878 3099 est
896 3035 1058 3119 epitheton
1082 3036 1219 3121 ipsorum
1240 3036 1370 3103 Cimme-

248 3149 364 3212 riorum
387 3148 443 3232 qui
466 3149 499 3211 in
522 3145 632 3211 umbra
653 3154 685 3210 et
704 3146 839 3210 tenebris
858 3148 955 3210 vitam
974 3148 1094 3232 degunt
1113 3148 1168 3230 ἠέρι
1187 3148 1238 3213 acl
1259 3149 1367 3232 νεφέλῃ

247 3259 472 3338 κεκαλυμμένοι.
513 3258 654 3323 Fortasse
691 3265 867 3332 σκιιιπόλους
904 3282 956 3323 eos
986 3262 1154 3345 appellavit
1187 3263 1368 3349 Aeschylus,

247 3376 329 3440 sicut
351 3375 486 3439 Bacchas
510 3374 697 3447 νυκτιπόλρυς
720 3372 897 3458 Euripides,
922 3374 990 3437 Ion.
1018 3376 1090 3439 718.

293 3487 414 3551 Deinde
442 3489 476 3550 in
507 3486 653 3570 Aeschyli
676 3487 835 3570 tragoedia
859 3509 922 3550 uon
945 3485 1079 3564 capara
1102 3472 1259 3572 iugulavit
1282 3489 1371 3576 Ulys-

248 3625 294 3665 scs
329 3600 382 3665 sed
417 3608 519 3678 μῆλον,
555 3600 595 3662 ad
627 3601 717 3662 cuius
747 3601 931 3683 sanguinem
965 3624 1034 3664 cum
1071 3603 1191 3666 animae
1227 3605 1370 3668 accedere

248 3721 398 3800 cuperent
421 3712 493 3798 (Οά.
518 3713 566 3777 XI
590 3717 655 3797 50),
679 3736 771 3791 versu
795 3717 879 3776 1563
905 3714 1109 3795 desideratur,
1128 3717 1154 3780 si
1174 3716 1250 3800 quid
1270 3718 1369 3796 video,

249 3827 435 3891 vocabulum
456 3821 542 3904 alpe.
561 3824 732 3891 Lenissima
751 3834 798 3890 est
818 3827 995 3891 emendatio
1012 3827 1140 3891 Kusteri
1160 3851 1216 3914 pro
1227 3831 1259 3894 τὸ
1271 3838 1371 3909 aaran

284 4039 302 4098 ¹)
320 4038 343 4085 J.
363 4039 390 4086 B.
408 4035 550 4085 Friedreich
568 4035 680 4096 (Realien
697 4035 713 4084 i.
731 4035 753 4085 d.
773 4037 803 4084 Il.
822 4053 844 4084 u.
863 4036 907 4084 Od.
926 4053 949 4101 p.
969 4036 1022 4098 aly:
1043 4038 1125 4096 „Dass
1141 4037 1180 4086 die
1198 4038 1371 4088 himmerische

250 4128 351 4187 „Nacht
373 4128 417 4176 auf
437 4127 483 4175 den
505 4131 642 4175 tussersten
669 4127 769 4175 Norden
786 4126 829 4175 der
846 4127 909 4176 Erde
926 4127 1051 4186 hinweise,
1072 4129 1105 4176 ist
1123 4129 1193 4178 nicht
1210 4146 1239 4178 au
1257 4130 1372 4194 ltugnen,

249 4220 320 4280 ,und
337 4236 394 4268 man
411 4220 477 4267 kann
495 4217 631 4281 allerdings
649 4217 801 4276 vermuthen‚
820 4218 863 4266 das
880 4219 934 4267 dem
952 4219 1055 4268 Dichter
1072 4221 1126 4269 eine
1141 4220 1232 4270 dunkle
1248 4222 1308 4285 Sage
1324 4239 1372 4271 von

249 4311 313 4371 „der
338 4311 448 4360 mehrere
474 4311 592 4359 Monaten
622 4309 741 4359 dauernde
761 4311 841 4359 Nacht
860 4311 1127 4374 vorgeschwebthabe,
1146 4312 1209 4362 ohne
1227 4313 1374 4364 (lassaron

249 4404 312 4463 ,eiu
329 4404 482 4453 bestimmtes
499 4402 568 4451 Laud
587 4402 702 4452 dachte.’'
