<?xml version="1.0" encoding="UTF-8"?>
<!DOCTYPE html PUBLIC "-//W3C//DTD XHTML 1.0 Transitional//EN"
    "http://www.w3.org/TR/xhtml1/DTD/xhtml1-transitional.dtd">
<html xmlns="http://www.w3.org/1999/xhtml" xml:lang="en" lang="en">
 <head>
  <title>
</title>
<meta http-equiv="Content-Type" content="text/html;charset=utf-8" />
  <meta name='ocr-system' content='tesseract 3.04.00' />
  <meta name='ocr-capabilities' content='ocr_page ocr_carea ocr_par ocr_line ocrx_word'/>
</head>
<body>
  <div class='ocr_page' id='page_1' title='image "./deparodiaincomo00bakhgoog_0121.png"; bbox 0 0 3218 5370; ppageno 0'>
   <div class='ocr_carea' id='block_1_1' title="bbox 296 626 1008 688">
    <p class='ocr_par' dir='ltr' id='par_1_1' title="bbox 296 626 1008 688">
     <span class='ocr_line' id='line_1_1' title="bbox 296 626 1008 688; baseline 0.001 -2"><span class='ocrx_word' id='word_1_1' title='bbox 296 626 358 686; x_wconf 87' lang='lat'><strong>108</strong></span> <span class='ocrx_word' id='word_1_2' title='bbox 657 643 1008 688; x_wconf 75' lang='lat' dir='ltr'><strong>rnusuoeuomxznsan</strong></span> 
     </span>
    </p>
   </div>
   <div class='ocr_carea' id='block_1_2' title="bbox 271 809 1421 2586">
    <p class='ocr_par' dir='ltr' id='par_1_2' title="bbox 271 809 1237 1341">
     <span class='ocr_line' id='line_1_2' title="bbox 272 809 416 872; baseline 0.007 -1"><span class='ocrx_word' id='word_1_3' title='bbox 272 809 309 872; x_wconf 86' lang='lat' dir='ltr'><strong>fr.</strong></span> <span class='ocrx_word' id='word_1_4' title='bbox 336 813 416 872; x_wconf 83' lang='lat'><strong>869:</strong></span> 
     </span>
     <span class='ocr_line' id='line_1_3' title="bbox 493 923 948 1005; baseline 0.007 -20"><span class='ocrx_word' id='word_1_5' title='bbox 493 925 563 986; x_wconf 66' lang='grc' dir='ltr'><strong>ἀλλ’</strong></span> <span class='ocrx_word' id='word_1_6' title='bbox 587 923 665 1003; x_wconf 65' lang='lat' dir='ltr'><strong>aldim</strong></span> <span class='ocrx_word' id='word_1_7' title='bbox 689 924 778 986; x_wconf 72' lang='lat' dir='ltr'><strong>riurei</strong></span> <span class='ocrx_word' id='word_1_8' title='bbox 802 948 844 1003; x_wconf 86' lang='grc' dir='ltr'><strong>σε,</strong></span> <span class='ocrx_word' id='word_1_9' title='bbox 869 923 948 1005; x_wconf 77' lang='grc' dir='ltr'><strong>κόροι,</strong></span> 
     </span>
     <span class='ocr_line' id='line_1_4' title="bbox 491 1033 999 1116; baseline 0.006 -19"><span class='ocrx_word' id='word_1_10' title='bbox 491 1035 561 1106; x_wconf 82' lang='grc' dir='ltr'><strong>Ζεὺς</strong></span> <span class='ocrx_word' id='word_1_11' title='bbox 585 1033 614 1106; x_wconf 79' lang='grc' dir='ltr'><strong>ὃς</strong></span> <span class='ocrx_word' id='word_1_12' title='bbox 637 1036 790 1115; x_wconf 69' lang='grc' dir='ltr'><em>ἀνθρώποις</em></span> <span class='ocrx_word' id='word_1_13' title='bbox 813 1035 999 1116; x_wconf 61' lang='grc' dir='ltr'><strong>ὀνομάζεσοιι.</strong></span> 
     </span>
     <span class='ocr_line' id='line_1_5' title="bbox 271 1147 436 1209; baseline 0 0"><span class='ocrx_word' id='word_1_14' title='bbox 271 1147 307 1209; x_wconf 85' lang='lat' dir='ltr'><strong>fr.</strong></span> <span class='ocrx_word' id='word_1_15' title='bbox 335 1150 436 1209; x_wconf 79' lang='lat'>1012:</span> 
     </span>
     <span class='ocr_line' id='line_1_6' title="bbox 493 1259 1237 1341; baseline 0.001 -18"><span class='ocrx_word' id='word_1_16' title='bbox 493 1260 598 1340; x_wconf 72' lang='lat' dir='ltr'><strong>Allr‘pa</strong></span> <span class='ocrx_word' id='word_1_17' title='bbox 621 1259 672 1323; x_wconf 76' lang='lat' dir='ltr'><strong>acl</strong></span> <span class='ocrx_word' id='word_1_18' title='bbox 698 1269 791 1325; x_wconf 81' lang='grc' dir='ltr'><em>Γοιῖοιν</em></span> <span class='ocrx_word' id='word_1_19' title='bbox 816 1261 931 1325; x_wconf 62' lang='lat' dir='ltr'><strong>aaaron</strong></span> <span class='ocrx_word' id='word_1_20' title='bbox 955 1261 1115 1341; x_wconf 76' lang='grc' dir='ltr'><em>γενέτειροιν</em></span> <span class='ocrx_word' id='word_1_21' title='bbox 1138 1263 1237 1326; x_wconf 60' lang='lat' dir='ltr'><strong>delto.</strong></span> 
     </span>
    </p>

    <p class='ocr_par' dir='ltr' id='par_1_3' title="bbox 272 1371 1393 1911">
     <span class='ocr_line' id='line_1_7' title="bbox 315 1371 1391 1459; baseline 0.005 -26"><span class='ocrx_word' id='word_1_22' title='bbox 315 1371 387 1434; x_wconf 87' lang='lat' dir='ltr'><strong>Duo</strong></span> <span class='ocrx_word' id='word_1_23' title='bbox 422 1374 519 1456; x_wconf 87' lang='lat' dir='ltr'><strong>igitur</strong></span> <span class='ocrx_word' id='word_1_24' title='bbox 550 1381 624 1436; x_wconf 88' lang='lat' dir='ltr'><strong>sunt</strong></span> <span class='ocrx_word' id='word_1_25' title='bbox 653 1397 689 1436; x_wconf 88' lang='lat' dir='ltr'><strong>ex</strong></span> <span class='ocrx_word' id='word_1_26' title='bbox 720 1374 880 1459; x_wconf 85' lang='lat' dir='ltr'><strong>Euripidis</strong></span> <span class='ocrx_word' id='word_1_27' title='bbox 910 1375 1065 1437; x_wconf 86' lang='lat' dir='ltr'><strong>sententia</strong></span> <span class='ocrx_word' id='word_1_28' title='bbox 1098 1375 1260 1453; x_wconf 88' lang='lat' dir='ltr'><strong>elementa,</strong></span> <span class='ocrx_word' id='word_1_29' title='bbox 1286 1375 1391 1438; x_wconf 82' lang='lat' dir='ltr'><strong>aether</strong></span> 
     </span>
     <span class='ocr_line' id='line_1_8' title="bbox 272 1486 1393 1571; baseline 0.002 -24"><span class='ocrx_word' id='word_1_30' title='bbox 272 1488 376 1568; x_wconf 89' lang='lat' dir='ltr'><strong>(quem</strong></span> <span class='ocrx_word' id='word_1_31' title='bbox 396 1493 427 1547; x_wconf 90' lang='lat' dir='ltr'><strong>et</strong></span> <span class='ocrx_word' id='word_1_32' title='bbox 447 1486 568 1548; x_wconf 87' lang='lat' dir='ltr'><strong>coelum</strong></span> <span class='ocrx_word' id='word_1_33' title='bbox 589 1489 688 1569; x_wconf 85' lang='lat' dir='ltr'><strong>vocat)</strong></span> <span class='ocrx_word' id='word_1_34' title='bbox 711 1493 742 1549; x_wconf 88' lang='lat' dir='ltr'><strong>et</strong></span> <span class='ocrx_word' id='word_1_35' title='bbox 761 1494 852 1550; x_wconf 88' lang='lat' dir='ltr'><strong>terra.</strong></span> <span class='ocrx_word' id='word_1_36' title='bbox 874 1487 970 1550; x_wconf 89' lang='lat' dir='ltr'><strong>Initio</strong></span> <span class='ocrx_word' id='word_1_37' title='bbox 989 1488 1141 1571; x_wconf 80' lang='lat' dir='ltr'><strong>permixta</strong></span> <span class='ocrx_word' id='word_1_38' title='bbox 1153 1487 1264 1550; x_wconf 91' lang='lat' dir='ltr'><strong>deinde</strong></span> <span class='ocrx_word' id='word_1_39' title='bbox 1277 1494 1393 1550; x_wconf 90' lang='lat' dir='ltr'><strong>secreta</strong></span> 
     </span>
     <span class='ocr_line' id='line_1_9' title="bbox 272 1599 1393 1678; baseline 0.003 -19"><span class='ocrx_word' id='word_1_40' title='bbox 272 1606 355 1676; x_wconf 90' lang='lat' dir='ltr'><strong>sunt,</strong></span> <span class='ocrx_word' id='word_1_41' title='bbox 380 1599 425 1660; x_wconf 90' lang='lat' dir='ltr'><strong>ita</strong></span> <span class='ocrx_word' id='word_1_42' title='bbox 449 1605 486 1660; x_wconf 90' lang='lat' dir='ltr'><strong>nt</strong></span> <span class='ocrx_word' id='word_1_43' title='bbox 509 1599 615 1662; x_wconf 79' lang='lat' dir='ltr'><strong>aether</strong></span> <span class='ocrx_word' id='word_1_44' title='bbox 638 1607 751 1662; x_wconf 88' lang='lat' dir='ltr'><strong>terram</strong></span> <span class='ocrx_word' id='word_1_45' title='bbox 777 1600 958 1676; x_wconf 74' lang='lat' dir='ltr'><strong>circumdet,</strong></span> <span class='ocrx_word' id='word_1_46' title='bbox 982 1600 1018 1661; x_wconf 86' lang='lat' dir='ltr'><strong>fr.</strong></span> <span class='ocrx_word' id='word_1_47' title='bbox 1045 1602 1119 1676; x_wconf 81' lang='grc'><strong>911,</strong></span> <span class='ocrx_word' id='word_1_48' title='bbox 1146 1603 1219 1678; x_wconf 81' lang='grc'><strong>935,</strong></span> <span class='ocrx_word' id='word_1_49' title='bbox 1247 1601 1319 1662; x_wconf 77' lang='lat'>938.</span> <span class='ocrx_word' id='word_1_50' title='bbox 1345 1599 1393 1662; x_wconf 90' lang='lat' dir='ltr'><strong>Ex</strong></span> 
     </span>
     <span class='ocr_line' id='line_1_10' title="bbox 273 1711 1391 1795; baseline 0.001 -23"><span class='ocrx_word' id='word_1_51' title='bbox 273 1711 460 1774; x_wconf 87' lang='lat' dir='ltr'><strong>fecundante</strong></span> <span class='ocrx_word' id='word_1_52' title='bbox 492 1711 615 1774; x_wconf 80' lang='lat' dir='ltr'><strong>aethere</strong></span> <span class='ocrx_word' id='word_1_53' title='bbox 638 1712 774 1795; x_wconf 84' lang='lat' dir='ltr'><strong>concipit</strong></span> <span class='ocrx_word' id='word_1_54' title='bbox 797 1718 877 1773; x_wconf 89' lang='lat' dir='ltr'><strong>terra</strong></span> <span class='ocrx_word' id='word_1_55' title='bbox 903 1718 934 1774; x_wconf 89' lang='lat' dir='ltr'><strong>et</strong></span> <span class='ocrx_word' id='word_1_56' title='bbox 958 1712 1060 1774; x_wconf 88' lang='lat' dir='ltr'><strong>omnia</strong></span> <span class='ocrx_word' id='word_1_57' title='bbox 1083 1713 1194 1795; x_wconf 83' lang='lat' dir='ltr'><strong>gignit.</strong></span> <span class='ocrx_word' id='word_1_58' title='bbox 1219 1712 1391 1775; x_wconf 88' lang='lat' dir='ltr'><strong>Hominum</strong></span> 
     </span>
     <span class='ocr_line' id='line_1_11' title="bbox 272 1824 1336 1911; baseline 0.001 -25"><span class='ocrx_word' id='word_1_59' title='bbox 272 1824 393 1887; x_wconf 90' lang='lat' dir='ltr'><strong>animus</strong></span> <span class='ocrx_word' id='word_1_60' title='bbox 417 1848 454 1888; x_wconf 90' lang='lat' dir='ltr'><strong>ex</strong></span> <span class='ocrx_word' id='word_1_61' title='bbox 477 1827 609 1903; x_wconf 85' lang='lat' dir='ltr'><strong>aethere,</strong></span> <span class='ocrx_word' id='word_1_62' title='bbox 634 1848 744 1911; x_wconf 88' lang='lat' dir='ltr'><strong>corpus</strong></span> <span class='ocrx_word' id='word_1_63' title='bbox 768 1849 784 1888; x_wconf 90' lang='lat' dir='ltr'><strong>e</strong></span> <span class='ocrx_word' id='word_1_64' title='bbox 809 1833 890 1889; x_wconf 83' lang='lat' dir='ltr'><strong>terra</strong></span> <span class='ocrx_word' id='word_1_65' title='bbox 914 1826 1065 1909; x_wconf 85' lang='lat' dir='ltr'><strong>originem</strong></span> <span class='ocrx_word' id='word_1_66' title='bbox 1090 1826 1178 1889; x_wconf 88' lang='lat' dir='ltr'><strong>ducit</strong></span> <span class='ocrx_word' id='word_1_67' title='bbox 1201 1826 1236 1888; x_wconf 85' lang='lat' dir='ltr'><strong>fr.</strong></span> <span class='ocrx_word' id='word_1_68' title='bbox 1264 1828 1336 1888; x_wconf 83' lang='lat'><strong>836.</strong></span> 
     </span>
    </p>

    <p class='ocr_par' dir='ltr' id='par_1_4' title="bbox 271 1937 1421 2586">
     <span class='ocr_line' id='line_1_12' title="bbox 318 1937 1391 2022; baseline 0 -22"><span class='ocrx_word' id='word_1_69' title='bbox 318 1938 411 2011; x_wconf 89' lang='lat' dir='ltr'><strong>Haec,</strong></span> <span class='ocrx_word' id='word_1_70' title='bbox 443 1939 468 2002; x_wconf 89' lang='lat' dir='ltr'><strong>si</strong></span> <span class='ocrx_word' id='word_1_71' title='bbox 499 1939 573 2002; x_wconf 87' lang='lat' dir='ltr'><strong>fides</strong></span> <span class='ocrx_word' id='word_1_72' title='bbox 604 1938 743 2001; x_wconf 88' lang='lat' dir='ltr'><strong>habenda</strong></span> <span class='ocrx_word' id='word_1_73' title='bbox 767 1946 813 2002; x_wconf 89' lang='lat' dir='ltr'><strong>est</strong></span> <span class='ocrx_word' id='word_1_74' title='bbox 844 1937 993 2022; x_wconf 82' lang='lat' dir='ltr'><strong>Dionysio</strong></span> <span class='ocrx_word' id='word_1_75' title='bbox 1016 1937 1089 2001; x_wconf 89' lang='lat' dir='ltr'><strong>Hal.</strong></span> <span class='ocrx_word' id='word_1_76' title='bbox 1114 1939 1152 2001; x_wconf 92' lang='lat' dir='ltr'><strong>A.</strong></span> <span class='ocrx_word' id='word_1_77' title='bbox 1177 1938 1270 2002; x_wconf 84' lang='lat' dir='ltr'><strong>Rhet.</strong></span> <span class='ocrx_word' id='word_1_78' title='bbox 1294 1937 1343 2001; x_wconf 89' lang='lat' dir='ltr'><strong>IX</strong></span> <span class='ocrx_word' id='word_1_79' title='bbox 1366 1961 1391 2001; x_wconf 91' lang='lat' dir='ltr'><strong>c.</strong></span> 
     </span>
     <span class='ocr_line' id='line_1_13' title="bbox 274 2049 1392 2135; baseline 0.001 -23"><span class='ocrx_word' id='word_1_80' title='bbox 274 2053 311 2112; x_wconf 92' lang='lat' dir='ltr'><strong>ll</strong></span> <span class='ocrx_word' id='word_1_81' title='bbox 338 2057 369 2112; x_wconf 89' lang='lat' dir='ltr'><strong>et</strong></span> <span class='ocrx_word' id='word_1_82' title='bbox 393 2049 548 2127; x_wconf 87' lang='lat' dir='ltr'><strong>Vitruvi0,</strong></span> <span class='ocrx_word' id='word_1_83' title='bbox 573 2052 661 2113; x_wconf 90' lang='lat' dir='ltr'><strong>cuius</strong></span> <span class='ocrx_word' id='word_1_84' title='bbox 684 2050 774 2114; x_wconf 88' lang='lat' dir='ltr'><strong>verba</strong></span> <span class='ocrx_word' id='word_1_85' title='bbox 799 2051 909 2114; x_wconf 88' lang='lat' dir='ltr'><strong>attulit</strong></span> <span class='ocrx_word' id='word_1_86' title='bbox 933 2049 1134 2130; x_wconf 86' lang='lat' dir='ltr'><strong>Valckenaer,</strong></span> <span class='ocrx_word' id='word_1_87' title='bbox 1160 2050 1259 2114; x_wconf 88' lang='lat' dir='ltr'><strong>Diatr.</strong></span> <span class='ocrx_word' id='word_1_88' title='bbox 1285 2073 1314 2135; x_wconf 88' lang='lat' dir='ltr'><strong>p.</strong></span> <span class='ocrx_word' id='word_1_89' title='bbox 1340 2053 1392 2127; x_wconf 88' lang='grc'><strong>35,</strong></span> 
     </span>
     <span class='ocr_line' id='line_1_14' title="bbox 271 2162 1391 2248; baseline 0.003 -24"><span class='ocrx_word' id='word_1_90' title='bbox 271 2163 508 2248; x_wconf 87' lang='lat' dir='ltr'><strong>philosophatus</strong></span> <span class='ocrx_word' id='word_1_91' title='bbox 539 2170 586 2226; x_wconf 91' lang='lat' dir='ltr'><strong>est</strong></span> <span class='ocrx_word' id='word_1_92' title='bbox 609 2162 784 2246; x_wconf 81' lang='lat' dir='ltr'><strong>Euripides,</strong></span> <span class='ocrx_word' id='word_1_93' title='bbox 810 2165 992 2246; x_wconf 86' lang='lat' dir='ltr'><strong>magistrum</strong></span> <span class='ocrx_word' id='word_1_94' title='bbox 1017 2170 1142 2226; x_wconf 88' lang='lat' dir='ltr'><strong>secutus</strong></span> <span class='ocrx_word' id='word_1_95' title='bbox 1167 2165 1391 2247; x_wconf 85' lang='lat' dir='ltr'><strong>Anaxagoram,</strong></span> 
     </span>
     <span class='ocr_line' id='line_1_15' title="bbox 272 2275 1393 2362; baseline 0.002 -23"><span class='ocrx_word' id='word_1_96' title='bbox 272 2283 304 2339; x_wconf 89' lang='lat' dir='ltr'><strong>et</strong></span> <span class='ocrx_word' id='word_1_97' title='bbox 327 2277 351 2338; x_wconf 90' lang='lat' dir='ltr'><strong>si</strong></span> <span class='ocrx_word' id='word_1_98' title='bbox 375 2299 481 2338; x_wconf 90' lang='lat' dir='ltr'><strong>verum</strong></span> <span class='ocrx_word' id='word_1_99' title='bbox 505 2282 585 2339; x_wconf 90' lang='lat' dir='ltr'><strong>esset</strong></span> <span class='ocrx_word' id='word_1_100' title='bbox 608 2275 691 2358; x_wconf 89' lang='lat' dir='ltr'><strong>quod</strong></span> <span class='ocrx_word' id='word_1_101' title='bbox 714 2278 854 2354; x_wconf 90' lang='lat' dir='ltr'><strong>tradunt,</strong></span> <span class='ocrx_word' id='word_1_102' title='bbox 879 2278 1003 2362; x_wconf 91' lang='lat' dir='ltr'><strong>placitis</strong></span> <span class='ocrx_word' id='word_1_103' title='bbox 1024 2277 1236 2360; x_wconf 89' lang='lat' dir='ltr'><strong>Anaxagoreis</strong></span> <span class='ocrx_word' id='word_1_104' title='bbox 1258 2278 1305 2340; x_wconf 92' lang='lat' dir='ltr'><strong>uti</strong></span> <span class='ocrx_word' id='word_1_105' title='bbox 1326 2300 1393 2362; x_wconf 89' lang='lat' dir='ltr'><strong>pos·</strong></span> 
     </span>
     <span class='ocr_line' id='line_1_16' title="bbox 276 2388 1393 2472; baseline 0.001 -22"><span class='ocrx_word' id='word_1_106' title='bbox 276 2411 377 2451; x_wconf 90' lang='lat' dir='ltr'><strong>semus</strong></span> <span class='ocrx_word' id='word_1_107' title='bbox 412 2388 450 2450; x_wconf 89' lang='lat' dir='ltr'><strong>ad</strong></span> <span class='ocrx_word' id='word_1_108' title='bbox 479 2396 603 2472; x_wconf 90' lang='lat' dir='ltr'><strong>poetam</strong></span> <span class='ocrx_word' id='word_1_109' title='bbox 634 2388 913 2472; x_wconf 87' lang='lat' dir='ltr'><strong>interpretandum.</strong></span> <span class='ocrx_word' id='word_1_110' title='bbox 944 2389 1005 2452; x_wconf 84' lang='lat' dir='ltr'><strong>Sed</strong></span> <span class='ocrx_word' id='word_1_111' title='bbox 1036 2413 1136 2452; x_wconf 88' lang='lat' dir='ltr'><strong>errare</strong></span> <span class='ocrx_word' id='word_1_112' title='bbox 1168 2389 1322 2452; x_wconf 88' lang='lat' dir='ltr'><strong>videntur.</strong></span> <span class='ocrx_word' id='word_1_113' title='bbox 1354 2388 1393 2452; x_wconf 91' lang='lat' dir='ltr'><strong>In</strong></span> 
     </span>
     <span class='ocr_line' id='line_1_17' title="bbox 275 2502 1421 2586; baseline 0.003 -21"><span class='ocrx_word' id='word_1_114' title='bbox 275 2502 436 2565; x_wconf 84' lang='lat' dir='ltr'><strong>nonnullis</strong></span> <span class='ocrx_word' id='word_1_115' title='bbox 459 2525 532 2565; x_wconf 89' lang='lat' dir='ltr'><strong>sane</strong></span> <span class='ocrx_word' id='word_1_116' title='bbox 556 2502 696 2585; x_wconf 86' lang='lat' dir='ltr'><strong>magistri</strong></span> <span class='ocrx_word' id='word_1_117' title='bbox 720 2503 903 2565; x_wconf 80' lang='lat' dir='ltr'><strong>sententiam</strong></span> <span class='ocrx_word' id='word_1_118' title='bbox 929 2503 1123 2586; x_wconf 79' lang='lat' dir='ltr'><strong>expresserit,</strong></span> <span class='ocrx_word' id='word_1_119' title='bbox 1144 2502 1177 2565; x_wconf 93' lang='lat' dir='ltr'><strong>in</strong></span> <span class='ocrx_word' id='word_1_120' title='bbox 1198 2502 1394 2585; x_wconf 87' lang='lat' dir='ltr'><strong>cosmogonia</strong></span> <span class='ocrx_word' id='word_1_121' title='bbox 1420 2565 1421 2569; x_wconf 75' lang='grc'>,</span> 
     </span>
    </p>
   </div>
   <div class='ocr_carea' id='block_1_3' title="bbox 275 2604 1395 2698">
    <p class='ocr_par' dir='ltr' id='par_1_5' title="bbox 275 2604 1395 2698">
     <span class='ocr_line' id='line_1_18' title="bbox 275 2604 1395 2698; baseline -0.002 -20"><span class='ocrx_word' id='word_1_122' title='bbox 275 2638 345 2678; x_wconf 89' lang='lat' dir='ltr'><strong>eum</strong></span> <span class='ocrx_word' id='word_1_123' title='bbox 367 2615 495 2678; x_wconf 90' lang='lat' dir='ltr'><strong>minime</strong></span> <span class='ocrx_word' id='word_1_124' title='bbox 516 2622 658 2678; x_wconf 88' lang='lat' dir='ltr'><strong>secutum</strong></span> <span class='ocrx_word' id='word_1_125' title='bbox 671 2639 735 2679; x_wconf 91' lang='lat' dir='ltr'><strong>esse</strong></span> <span class='ocrx_word' id='word_1_126' title='bbox 748 2604 962 2698; x_wconf 75' lang='lat' dir='ltr'><strong>Anaxagoram</strong></span> <span class='ocrx_word' id='word_1_127' title='bbox 976 2638 1037 2678; x_wconf 91' lang='lat' dir='ltr'><strong>non</strong></span> <span class='ocrx_word' id='word_1_128' title='bbox 1052 2616 1118 2678; x_wconf 90' lang='lat' dir='ltr'><strong>sine</strong></span> <span class='ocrx_word' id='word_1_129' title='bbox 1131 2637 1222 2678; x_wconf 87' lang='lat' dir='ltr'><strong>causa</strong></span> <span class='ocrx_word' id='word_1_130' title='bbox 1235 2615 1395 2678; x_wconf 90' lang='lat' dir='ltr'><strong>contendit</strong></span> 
     </span>
    </p>
   </div>
   <div class='ocr_carea' id='block_1_4' title="bbox 271 2726 1394 4506">
    <p class='ocr_par' dir='ltr' id='par_1_6' title="bbox 271 2726 1394 4389">
     <span class='ocr_line' id='line_1_19' title="bbox 273 2726 1391 2812; baseline -0.002 -21"><span class='ocrx_word' id='word_1_131' title='bbox 273 2729 312 2792; x_wconf 93' lang='lat' dir='ltr'><strong>de</strong></span> <span class='ocrx_word' id='word_1_132' title='bbox 332 2729 539 2792; x_wconf 86' lang='lat' dir='ltr'><strong>Wilamowitn</strong></span> <span class='ocrx_word' id='word_1_133' title='bbox 561 2728 769 2791; x_wconf 86' lang='lat' dir='ltr'><strong>Moellendorf</strong></span> <span class='ocrx_word' id='word_1_134' title='bbox 786 2729 817 2790; x_wconf 91' lang='lat' dir='ltr'><strong>in</strong></span> <span class='ocrx_word' id='word_1_135' title='bbox 839 2730 982 2792; x_wconf 89' lang='lat' dir='ltr'><strong>Analect.</strong></span> <span class='ocrx_word' id='word_1_136' title='bbox 1005 2729 1146 2812; x_wconf 88' lang='lat' dir='ltr'><strong>Euripid.</strong></span> <span class='ocrx_word' id='word_1_137' title='bbox 1168 2726 1391 2812; x_wconf 65' lang='grc'><strong>1116101111</strong></span> 
     </span>
     <span class='ocr_line' id='line_1_20' title="bbox 272 2841 1389 2926; baseline -0.003 -21"><span class='ocrx_word' id='word_1_138' title='bbox 272 2844 305 2905; x_wconf 91' lang='lat' dir='ltr'><strong>in</strong></span> <span class='ocrx_word' id='word_1_139' title='bbox 331 2842 497 2904; x_wconf 89' lang='lat' dir='ltr'><strong>iudicando</strong></span> <span class='ocrx_word' id='word_1_140' title='bbox 522 2842 617 2904; x_wconf 87' lang='lat' dir='ltr'><strong>simus</strong></span> <span class='ocrx_word' id='word_1_141' title='bbox 639 2864 761 2904; x_wconf 88' lang='lat' dir='ltr'><strong>necesse</strong></span> <span class='ocrx_word' id='word_1_142' title='bbox 785 2848 841 2918; x_wconf 86' lang='lat' dir='ltr'><strong>est,</strong></span> <span class='ocrx_word' id='word_1_143' title='bbox 865 2842 939 2923; x_wconf 90' lang='lat' dir='ltr'><strong>quia</strong></span> <span class='ocrx_word' id='word_1_144' title='bbox 963 2864 1026 2904; x_wconf 92' lang='lat' dir='ltr'><strong>non</strong></span> <span class='ocrx_word' id='word_1_145' title='bbox 1050 2863 1128 2925; x_wconf 88' lang='lat' dir='ltr'><strong>opus</strong></span> <span class='ocrx_word' id='word_1_146' title='bbox 1146 2841 1389 2926; x_wconf 88' lang='lat' dir='ltr'><strong>philosophicum</strong></span> 
     </span>
     <span class='ocr_line' id='line_1_21' title="bbox 272 2953 1392 3038; baseline 0 -21"><span class='ocrx_word' id='word_1_147' title='bbox 272 2955 371 3018; x_wconf 87' lang='lat' dir='ltr'><strong>edidit</strong></span> <span class='ocrx_word' id='word_1_148' title='bbox 404 2954 570 3038; x_wconf 81' lang='lat' dir='ltr'><strong>Euripides</strong></span> <span class='ocrx_word' id='word_1_149' title='bbox 605 2955 657 3018; x_wconf 88' lang='lat' dir='ltr'><strong>sed</strong></span> <span class='ocrx_word' id='word_1_150' title='bbox 689 2954 880 3037; x_wconf 85' lang='lat' dir='ltr'><strong>tragoedias;</strong></span> <span class='ocrx_word' id='word_1_151' title='bbox 913 2975 1019 3017; x_wconf 84' lang='lat' dir='ltr'><strong>verum</strong></span> <span class='ocrx_word' id='word_1_152' title='bbox 1050 2955 1076 3016; x_wconf 89' lang='lat' dir='ltr'><strong>si</strong></span> <span class='ocrx_word' id='word_1_153' title='bbox 1106 2953 1188 3017; x_wconf 92' lang='lat' dir='ltr'><strong>locos</strong></span> <span class='ocrx_word' id='word_1_154' title='bbox 1212 2953 1392 3037; x_wconf 87' lang='lat' dir='ltr'><strong>inspicimus</strong></span> 
     </span>
     <span class='ocr_line' id='line_1_22' title="bbox 272 3065 1393 3151; baseline -0.002 -22"><span class='ocrx_word' id='word_1_155' title='bbox 272 3067 327 3149; x_wconf 90' lang='lat' dir='ltr'><strong>qui</strong></span> <span class='ocrx_word' id='word_1_156' title='bbox 361 3089 398 3129; x_wconf 88' lang='lat' dir='ltr'><strong>ex</strong></span> <span class='ocrx_word' id='word_1_157' title='bbox 429 3068 612 3150; x_wconf 83' lang='lat' dir='ltr'><strong>Anaxagora</strong></span> <span class='ocrx_word' id='word_1_158' title='bbox 640 3065 729 3129; x_wconf 90' lang='lat' dir='ltr'><strong>nobis</strong></span> <span class='ocrx_word' id='word_1_159' title='bbox 760 3072 936 3151; x_wconf 89' lang='lat' dir='ltr'><strong>supersunt,</strong></span> <span class='ocrx_word' id='word_1_160' title='bbox 960 3066 1099 3129; x_wconf 88' lang='lat' dir='ltr'><strong>videmus</strong></span> <span class='ocrx_word' id='word_1_161' title='bbox 1126 3066 1209 3128; x_wconf 88' lang='lat' dir='ltr'><strong>iuter</strong></span> <span class='ocrx_word' id='word_1_162' title='bbox 1231 3072 1339 3149; x_wconf 90' lang='lat' dir='ltr'><strong>poetae</strong></span> <span class='ocrx_word' id='word_1_163' title='bbox 1362 3073 1393 3128; x_wconf 90' lang='lat' dir='ltr'><strong>et</strong></span> 
     </span>
     <span class='ocr_line' id='line_1_23' title="bbox 272 3179 1392 3266; baseline -0.001 -24"><span class='ocrx_word' id='word_1_164' title='bbox 272 3180 446 3266; x_wconf 83' lang='lat' dir='ltr'><strong>philosophi</strong></span> <span class='ocrx_word' id='word_1_165' title='bbox 476 3181 591 3266; x_wconf 89' lang='lat' dir='ltr'><strong>placita</strong></span> <span class='ocrx_word' id='word_1_166' title='bbox 622 3181 705 3244; x_wconf 91' lang='lat' dir='ltr'><strong>haud</strong></span> <span class='ocrx_word' id='word_1_167' title='bbox 736 3203 846 3264; x_wconf 89' lang='lat' dir='ltr'><strong>parurn</strong></span> <span class='ocrx_word' id='word_1_168' title='bbox 877 3181 1035 3243; x_wconf 87' lang='lat' dir='ltr'><strong>interesse.</strong></span> <span class='ocrx_word' id='word_1_169' title='bbox 1069 3179 1290 3242; x_wconf 88' lang='lat' dir='ltr'><strong>Praetermitto</strong></span> <span class='ocrx_word' id='word_1_170' title='bbox 1313 3200 1392 3262; x_wconf 89' lang='lat' dir='ltr'><strong>quae</strong></span> 
     </span>
     <span class='ocr_line' id='line_1_24' title="bbox 273 3292 1392 3378; baseline -0.001 -23"><span class='ocrx_word' id='word_1_171' title='bbox 273 3293 334 3355; x_wconf 91' lang='lat' dir='ltr'><strong>iam</strong></span> <span class='ocrx_word' id='word_1_172' title='bbox 358 3293 409 3356; x_wconf 88' lang='lat' dir='ltr'><strong>W.</strong></span> <span class='ocrx_word' id='word_1_173' title='bbox 435 3294 645 3357; x_wconf 79' lang='lat' dir='ltr'><strong>Moellendorl</strong></span> <span class='ocrx_word' id='word_1_174' title='bbox 666 3294 699 3357; x_wconf 93' lang='lat' dir='ltr'><strong>in</strong></span> <span class='ocrx_word' id='word_1_175' title='bbox 723 3294 860 3357; x_wconf 90' lang='lat' dir='ltr'><strong>medium</strong></span> <span class='ocrx_word' id='word_1_176' title='bbox 884 3293 1017 3378; x_wconf 88' lang='lat' dir='ltr'><strong>protulit</strong></span> <span class='ocrx_word' id='word_1_177' title='bbox 1040 3300 1077 3355; x_wconf 89' lang='lat' dir='ltr'><strong>ut</strong></span> <span class='ocrx_word' id='word_1_178' title='bbox 1099 3292 1286 3356; x_wconf 88' lang='lat' dir='ltr'><strong>sententiam</strong></span> <span class='ocrx_word' id='word_1_179' title='bbox 1306 3314 1392 3354; x_wconf 87' lang='lat' dir='ltr'><strong>suam</strong></span> 
     </span>
     <span class='ocr_line' id='line_1_25' title="bbox 272 3403 1393 3491; baseline -0.002 -23"><span class='ocrx_word' id='word_1_180' title='bbox 272 3405 424 3484; x_wconf 88' lang='lat' dir='ltr'><strong>firmaret;</strong></span> <span class='ocrx_word' id='word_1_181' title='bbox 449 3407 529 3470; x_wconf 90' lang='lat' dir='ltr'><strong>addo</strong></span> <span class='ocrx_word' id='word_1_182' title='bbox 552 3428 632 3489; x_wconf 88' lang='lat' dir='ltr'><strong>quae</strong></span> <span class='ocrx_word' id='word_1_183' title='bbox 656 3405 834 3491; x_wconf 85' lang='lat' dir='ltr'><strong>Simplicius</strong></span> <span class='ocrx_word' id='word_1_184' title='bbox 858 3405 991 3469; x_wconf 87' lang='lat' dir='ltr'><strong>servavit</strong></span> <span class='ocrx_word' id='word_1_185' title='bbox 1015 3406 1215 3489; x_wconf 89' lang='lat' dir='ltr'><strong>Anaxagorae</strong></span> <span class='ocrx_word' id='word_1_186' title='bbox 1239 3403 1331 3466; x_wconf 90' lang='lat' dir='ltr'><strong>verba</strong></span> <span class='ocrx_word' id='word_1_187' title='bbox 1354 3405 1393 3467; x_wconf 91' lang='lat' dir='ltr'><strong>de</strong></span> 
     </span>
     <span class='ocr_line' id='line_1_26' title="bbox 273 3515 1391 3603; baseline -0.003 -22"><span class='ocrx_word' id='word_1_188' title='bbox 273 3525 372 3582; x_wconf 88' lang='lat' dir='ltr'><strong>terrae</strong></span> <span class='ocrx_word' id='word_1_189' title='bbox 403 3521 530 3603; x_wconf 88' lang='lat' dir='ltr'><strong>origine,</strong></span> <span class='ocrx_word' id='word_1_190' title='bbox 560 3520 612 3582; x_wconf 88' lang='lat' dir='ltr'><strong>fol.</strong></span> <span class='ocrx_word' id='word_1_191' title='bbox 646 3522 714 3598; x_wconf 80' lang='grc'><strong>331,</strong></span> <span class='ocrx_word' id='word_1_192' title='bbox 747 3521 818 3597; x_wconf 78' lang='grc'><strong>351,</strong></span> <span class='ocrx_word' id='word_1_193' title='bbox 849 3521 916 3582; x_wconf 72' lang='lat' dir='ltr'><strong>aab.</strong></span> <span class='ocrx_word' id='word_1_194' title='bbox 942 3541 990 3603; x_wconf 92' lang='lat' dir='ltr'><strong>ap.</strong></span> <span class='ocrx_word' id='word_1_195' title='bbox 1015 3518 1119 3581; x_wconf 85' lang='lat' dir='ltr'><strong>Ritter</strong></span> <span class='ocrx_word' id='word_1_196' title='bbox 1142 3525 1173 3581; x_wconf 91' lang='lat' dir='ltr'><strong>et</strong></span> <span class='ocrx_word' id='word_1_197' title='bbox 1197 3517 1325 3580; x_wconf 89' lang='lat' dir='ltr'><strong>Preller.</strong></span> <span class='ocrx_word' id='word_1_198' title='bbox 1350 3515 1391 3578; x_wconf 87' lang='lat' dir='ltr'><strong>H.</strong></span> 
     </span>
     <span class='ocr_line' id='line_1_27' title="bbox 272 3630 1392 3717; baseline -0.001 -24"><span class='ocrx_word' id='word_1_199' title='bbox 272 3631 329 3694; x_wconf 91' lang='lat' dir='ltr'><strong>Ph.</strong></span> <span class='ocrx_word' id='word_1_200' title='bbox 367 3635 383 3716; x_wconf 64' lang='lat' dir='ltr'><strong>p</strong></span> <span class='ocrx_word' id='word_1_201' title='bbox 416 3635 466 3712; x_wconf 88' lang='grc'><strong>53,</strong></span> <span class='ocrx_word' id='word_1_202' title='bbox 501 3636 551 3695; x_wconf 73' lang='lat'><strong>54.</strong></span> <span class='ocrx_word' id='word_1_203' title='bbox 583 3631 752 3715; x_wconf 87' lang='lat' dir='ltr'><strong>Postquam</strong></span> <span class='ocrx_word' id='word_1_204' title='bbox 784 3655 872 3696; x_wconf 89' lang='lat' dir='ltr'><strong>mens</strong></span> <span class='ocrx_word' id='word_1_205' title='bbox 902 3632 1038 3717; x_wconf 88' lang='lat' dir='ltr'><strong>primum</strong></span> <span class='ocrx_word' id='word_1_206' title='bbox 1063 3632 1165 3694; x_wconf 90' lang='lat' dir='ltr'><strong>omnia</strong></span> <span class='ocrx_word' id='word_1_207' title='bbox 1188 3653 1267 3713; x_wconf 91' lang='lat' dir='ltr'><strong>quae</strong></span> <span class='ocrx_word' id='word_1_208' title='bbox 1291 3630 1392 3693; x_wconf 90' lang='lat' dir='ltr'><strong>adhuc</strong></span> 
     </span>
     <span class='ocr_line' id='line_1_28' title="bbox 272 3744 1394 3830; baseline -0.004 -22"><span class='ocrx_word' id='word_1_209' title='bbox 272 3746 426 3830; x_wconf 86' lang='lat' dir='ltr'><strong>permixta</strong></span> <span class='ocrx_word' id='word_1_210' title='bbox 457 3752 545 3808; x_wconf 92' lang='lat' dir='ltr'><strong>erant</strong></span> <span class='ocrx_word' id='word_1_211' title='bbox 575 3745 681 3823; x_wconf 88' lang='lat' dir='ltr'><strong>movit,</strong></span> <span class='ocrx_word' id='word_1_212' title='bbox 715 3752 922 3808; x_wconf 80' lang='lat' dir='ltr'><strong>secernuntur</strong></span> <span class='ocrx_word' id='word_1_213' title='bbox 953 3745 1071 3825; x_wconf 87' lang='lat' dir='ltr'><strong>stellae,</strong></span> <span class='ocrx_word' id='word_1_214' title='bbox 1096 3745 1151 3821; x_wconf 90' lang='lat' dir='ltr'><strong>sol,</strong></span> <span class='ocrx_word' id='word_1_215' title='bbox 1176 3744 1261 3823; x_wconf 92' lang='lat' dir='ltr'><strong>luna,</strong></span> <span class='ocrx_word' id='word_1_216' title='bbox 1287 3749 1338 3806; x_wconf 72' lang='lat' dir='ltr'><strong>aer</strong></span> <span class='ocrx_word' id='word_1_217' title='bbox 1362 3747 1394 3805; x_wconf 88' lang='lat' dir='ltr'><strong>et</strong></span> 
     </span>
     <span class='ocr_line' id='line_1_29' title="bbox 273 3854 1391 3937; baseline -0.003 -16"><span class='ocrx_word' id='word_1_218' title='bbox 273 3858 389 3921; x_wconf 85' lang='lat' dir='ltr'><strong>aether.</strong></span> <span class='ocrx_word' id='word_1_219' title='bbox 419 3857 541 3921; x_wconf 91' lang='lat' dir='ltr'><strong>Deinde</strong></span> <span class='ocrx_word' id='word_1_220' title='bbox 565 3859 598 3922; x_wconf 80' lang='grc' dir='ltr'><strong>τὸ</strong></span> <span class='ocrx_word' id='word_1_221' title='bbox 624 3858 678 3934; x_wconf 77' lang='grc' dir='ltr'><strong>μὲν</strong></span> <span class='ocrx_word' id='word_1_222' title='bbox 702 3859 806 3922; x_wconf 78' lang='grc' dir='ltr'><em>πυκνὸν</em></span> <span class='ocrx_word' id='word_1_223' title='bbox 829 3856 881 3921; x_wconf 75' lang='lat' dir='ltr'><strong>acl</strong></span> <span class='ocrx_word' id='word_1_224' title='bbox 906 3859 990 3937; x_wconf 78' lang='grc' dir='ltr'><em>διερὸν</em></span> <span class='ocrx_word' id='word_1_225' title='bbox 1014 3857 1065 3921; x_wconf 69' lang='lat' dir='ltr'><strong>aa}</strong></span> <span class='ocrx_word' id='word_1_226' title='bbox 1089 3857 1203 3937; x_wconf 76' lang='grc' dir='ltr'><em>ψυχρὸν</em></span> <span class='ocrx_word' id='word_1_227' title='bbox 1226 3856 1277 3920; x_wconf 71' lang='lat' dir='ltr'><strong>aa&gt;</strong></span> <span class='ocrx_word' id='word_1_228' title='bbox 1303 3854 1391 3935; x_wconf 78' lang='grc' dir='ltr'><em>ζοφε-</em></span> 
     </span>
     <span class='ocr_line' id='line_1_30' title="bbox 272 3967 1393 4051; baseline -0.004 -17"><span class='ocrx_word' id='word_1_229' title='bbox 272 3971 316 4051; x_wconf 82' lang='grc' dir='ltr'><strong>ρὸν</strong></span> <span class='ocrx_word' id='word_1_230' title='bbox 339 3970 438 4035; x_wconf 69' lang='grc' dir='ltr'><em>ἐνθάδε</em></span> <span class='ocrx_word' id='word_1_231' title='bbox 461 3972 657 4051; x_wconf 75' lang='grc' dir='ltr'><em>συνεχώρησεν</em></span> <span class='ocrx_word' id='word_1_232' title='bbox 680 3970 746 4034; x_wconf 75' lang='grc' dir='ltr'><em>ἔνθοι</em></span> <span class='ocrx_word' id='word_1_233' title='bbox 769 3976 818 4034; x_wconf 79' lang='grc' dir='ltr'><strong>νῦν</strong></span> <span class='ocrx_word' id='word_1_234' title='bbox 843 3971 859 4042; x_wconf 77' lang='grc' dir='ltr'><em>ἡ</em></span> <span class='ocrx_word' id='word_1_235' title='bbox 883 3978 933 4048; x_wconf 77' lang='grc' dir='ltr'><strong>γῆ·</strong></span> <span class='ocrx_word' id='word_1_236' title='bbox 958 3972 990 4034; x_wconf 80' lang='grc' dir='ltr'><strong>τὸ</strong></span> <span class='ocrx_word' id='word_1_237' title='bbox 1015 3971 1045 4034; x_wconf 75' lang='grc' dir='ltr'><strong>δὲ</strong></span> <span class='ocrx_word' id='word_1_238' title='bbox 1063 3971 1159 4050; x_wconf 76' lang='grc' dir='ltr'><em>οἰροιιὸν</em></span> <span class='ocrx_word' id='word_1_239' title='bbox 1177 3967 1228 4033; x_wconf 77' lang='grc' dir='ltr'><strong>κοιὶ</strong></span> <span class='ocrx_word' id='word_1_240' title='bbox 1248 3970 1280 4032; x_wconf 80' lang='grc' dir='ltr'><strong>τὸ</strong></span> <span class='ocrx_word' id='word_1_241' title='bbox 1294 3967 1393 4048; x_wconf 77' lang='grc' dir='ltr'><em>θερμὸν</em></span> 
     </span>
     <span class='ocr_line' id='line_1_31' title="bbox 272 4080 1393 4164; baseline -0.004 -18"><span class='ocrx_word' id='word_1_242' title='bbox 272 4083 321 4146; x_wconf 75' lang='lat' dir='ltr'><strong>nal</strong></span> <span class='ocrx_word' id='word_1_243' title='bbox 352 4084 384 4148; x_wconf 78' lang='grc' dir='ltr'><strong>τὸ</strong></span> <span class='ocrx_word' id='word_1_244' title='bbox 415 4081 494 4164; x_wconf 74' lang='grc' dir='ltr'><em>ξηρὸν</em></span> <span class='ocrx_word' id='word_1_245' title='bbox 525 4082 702 4163; x_wconf 70' lang='grc' dir='ltr'><em>ἐξεχώρησεν</em></span> <span class='ocrx_word' id='word_1_246' title='bbox 734 4086 763 4155; x_wconf 77' lang='grc' dir='ltr'><strong>ἐς</strong></span> <span class='ocrx_word' id='word_1_247' title='bbox 793 4085 825 4146; x_wconf 79' lang='grc' dir='ltr'><strong>τὸ</strong></span> <span class='ocrx_word' id='word_1_248' title='bbox 850 4083 942 4164; x_wconf 74' lang='grc' dir='ltr'><em>πρόσω</em></span> <span class='ocrx_word' id='word_1_249' title='bbox 968 4087 1019 4146; x_wconf 79' lang='grc' dir='ltr'><strong>τοῦ</strong></span> <span class='ocrx_word' id='word_1_250' title='bbox 1042 4082 1155 4163; x_wconf 74' lang='grc' dir='ltr'><strong>αἰθέρος.</strong></span> <span class='ocrx_word' id='word_1_251' title='bbox 1180 4080 1309 4145; x_wconf 88' lang='lat' dir='ltr'><strong>Postea:</strong></span> <span class='ocrx_word' id='word_1_252' title='bbox 1332 4081 1393 4143; x_wconf 73' lang='lat' dir='ltr'><strong>ctat</strong></span> 
     </span>
     <span class='ocr_line' id='line_1_32' title="bbox 272 4195 1393 4277; baseline -0.004 -18"><span class='ocrx_word' id='word_1_253' title='bbox 272 4195 392 4259; x_wconf 82' lang='grc' dir='ltr'><em>σούσειιν</em></span> <span class='ocrx_word' id='word_1_254' title='bbox 416 4198 640 4277; x_wconf 68' lang='grc' dir='ltr'><em>ἀποκρινομένων</em></span> <span class='ocrx_word' id='word_1_255' title='bbox 664 4197 875 4274; x_wconf 69' lang='grc' dir='ltr'><em>συμπήγνυται</em></span> <span class='ocrx_word' id='word_1_256' title='bbox 898 4204 949 4273; x_wconf 73' lang='grc' dir='ltr'><strong>νῆ·</strong></span> <span class='ocrx_word' id='word_1_257' title='bbox 974 4197 1006 4258; x_wconf 86' lang='grc' dir='ltr'><strong>ἐκ</strong></span> <span class='ocrx_word' id='word_1_258' title='bbox 1030 4196 1083 4273; x_wconf 78' lang='grc' dir='ltr'><strong>μὲν</strong></span> <span class='ocrx_word' id='word_1_259' title='bbox 1105 4195 1163 4275; x_wconf 67' lang='grc' dir='ltr'><strong>γὰρ</strong></span> <span class='ocrx_word' id='word_1_260' title='bbox 1187 4200 1242 4258; x_wconf 82' lang='grc' dir='ltr'><strong>τῶν</strong></span> <span class='ocrx_word' id='word_1_261' title='bbox 1265 4196 1393 4274; x_wconf 70' lang='grc' dir='ltr'><em>νεφελῶν</em></span> 
     </span>
     <span class='ocr_line' id='line_1_33' title="bbox 271 4307 1018 4389; baseline -0.003 -17"><span class='ocrx_word' id='word_1_262' title='bbox 271 4308 342 4389; x_wconf 74' lang='grc' dir='ltr'><em>ὕδωρ</em></span> <span class='ocrx_word' id='word_1_263' title='bbox 366 4309 557 4389; x_wconf 79' lang='grc' dir='ltr'><em>οένιοκρίνεσοιι,</em></span> <span class='ocrx_word' id='word_1_264' title='bbox 581 4311 614 4374; x_wconf 85' lang='grc' dir='ltr'><strong>ἐκ</strong></span> <span class='ocrx_word' id='word_1_265' title='bbox 637 4311 668 4372; x_wconf 75' lang='grc' dir='ltr'><strong>δὲ</strong></span> <span class='ocrx_word' id='word_1_266' title='bbox 690 4315 740 4373; x_wconf 81' lang='grc' dir='ltr'><strong>τοῦ</strong></span> <span class='ocrx_word' id='word_1_267' title='bbox 765 4307 871 4380; x_wconf 74' lang='grc' dir='ltr'><em>ὕδοισος</em></span> <span class='ocrx_word' id='word_1_268' title='bbox 893 4316 934 4385; x_wconf 74' lang='grc' dir='ltr'><strong>νῆ</strong></span> <span class='ocrx_word' id='word_1_269' title='bbox 958 4308 1018 4371; x_wconf 84' lang='grc' dir='ltr'><strong>κσὲ.</strong></span> 
     </span>
    </p>

    <p class='ocr_par' dir='ltr' id='par_1_7' title="bbox 318 4420 1393 4506">
     <span class='ocr_line' id='line_1_34' title="bbox 318 4420 1393 4506; baseline -0.005 -21"><span class='ocrx_word' id='word_1_270' title='bbox 318 4421 495 4486; x_wconf 83' lang='lat' dir='ltr'><strong>Secundum</strong></span> <span class='ocrx_word' id='word_1_271' title='bbox 527 4424 742 4506; x_wconf 87' lang='lat' dir='ltr'><strong>Anaxagoram</strong></span> <span class='ocrx_word' id='word_1_272' title='bbox 773 4423 869 4506; x_wconf 87' lang='lat' dir='ltr'><strong>igitur</strong></span> <span class='ocrx_word' id='word_1_273' title='bbox 898 4444 961 4485; x_wconf 90' lang='lat' dir='ltr'><strong>non</strong></span> <span class='ocrx_word' id='word_1_274' title='bbox 993 4421 1056 4484; x_wconf 90' lang='lat' dir='ltr'><strong>duo</strong></span> <span class='ocrx_word' id='word_1_275' title='bbox 1087 4420 1217 4483; x_wconf 88' lang='lat' dir='ltr'><strong>fuerunt</strong></span> <span class='ocrx_word' id='word_1_276' title='bbox 1239 4420 1393 4484; x_wconf 88' lang='lat' dir='ltr'><strong>elementa</strong></span> 
     </span>
    </p>
   </div>
   <div class='ocr_carea' id='block_1_5' title="bbox 0 0 1614 5370">
    <p class='ocr_par' dir='ltr' id='par_1_8' title="bbox 0 0 1614 5370">
     <span class='ocr_line' id='line_1_35' title="bbox 0 0 1614 5370; baseline 0 0"><span class='ocrx_word' id='word_1_277' title='bbox 0 0 1614 5370; x_wconf 95' lang='lat' dir='ltr'><strong> </strong></span> 
     </span>
    </p>
   </div>
  </div>
 </body>
</html>
