3218 5370
741 611 857 654 anuas.
1272 596 1334 656 169

240 800 304 856 nes,
329 799 392 841 non
415 775 524 840 dubito
547 776 625 860 quin
648 777 729 840 illud
751 777 972 855 εἱενλνσσόμεννς·
990 778 1135 862 petiverit
1158 801 1228 842 cum
1249 779 1272 842 εἱ
1294 803 1316 842 εν
1335 803 1358 842 εν

239 913 262 953 εν
286 913 309 953 εν
332 914 355 953 εν
377 889 493 953 aienses
515 889 670 953 scriberet.

285 1006 329 1065 At
351 1001 499 1076 dubitant
521 1003 580 1066 viri
603 1002 687 1066 docti
710 1025 786 1066 num
803 1003 1021 1082 εἱενλνσσόμενος
1038 1004 1086 1067 ΕΙ.
1108 1007 1170 1070 437
1185 1004 1358 1088 genuinum

241 1116 290 1177 sit.
315 1114 363 1178 De
386 1114 546 1178 Dindorfio
570 1115 630 1178 iam
655 1115 720 1179 dixi
728 1143 736 1194 ;
762 1115 856 1192 Weil,
883 1116 957 1200 Sept
980 1123 1059 1201 trag.
1084 1115 1133 1179 El.
1158 1116 1222 1179 l.l.:
1249 1123 1360 1193 „cette

241 1228 426 1306 „imitation
455 1228 597 1312 comique
628 1228 668 1292 du
702 1229 795 1292 ebant
830 1229 931 1314 (aava
954 1228 1080 1307 μίμησιν
1102 1237 1155 1302 τῆς
1179 1229 1359 1307 μελοποιίας,

242 1340 320 1418 „dit
351 1341 386 1404 le
420 1340 590 1405 Scholiasta
619 1341 649 1403 d’
680 1341 899 1426 Aristophane)
928 1365 967 1406 ne
997 1341 1112 1405 semble
1145 1365 1199 1427 pas
1233 1341 1298 1405 dtre
1323 1343 1361 1405 de

242 1453 347 1532 „mise
379 1453 455 1518 dans
483 1454 511 1517 le
535 1459 620 1517 texte
643 1454 672 1516 d’
698 1477 760 1518 une
786 1452 934 1537 tragedie.
959 1453 1077 1518 Faut-il
1099 1454 1159 1518 lire
1183 1453 1249 1521 κοίν’
1274 1455 1361 1517 εἱλισ-

242 1566 435 1643 ,,σο’μεννςῖ”
456 1564 527 1645 Quo
547 1573 652 1630 tamen
673 1572 857 1651 argumento
871 1567 948 1630 mihi
960 1589 1022 1630 non
1034 1567 1187 1651 persuasit
1198 1566 1363 1629 lectionem

127 1759 134 1773 Ι
243 1679 358 1742 codicis
387 1678 435 1742 El.
469 1681 530 1745 437
553 1679 788 1764 improbandam
813 1703 887 1742 esse.
912 1679 1044 1742 Etiamsi
1068 1677 1300 1742 concedendum
1323 1678 1364 1742 sit

243 1793 338 1855 talem
369 1792 576 1855 imitationem
607 1799 717 1857 cantus
748 1792 924 1876 tragoediae
952 1793 1055 1856 minus
1078 1797 1181 1876 aptam
1205 1815 1279 1871 esse,
1305 1814 1363 1854 res·

243 1905 363 1990 pondeo
387 1906 419 1968 id
444 1905 547 1990 ipsum
571 1929 636 1969 esse
660 1906 743 1988 quod
774 1905 997 1991 Aristophanes
1026 1905 1214 1990 vituperavit
1236 1903 1365 1988 Euripi·

243 2016 313 2081 dem
335 2040 445 2081 novam
469 2004 501 2080 et
524 2019 629 2081 minus
652 2026 757 2103 aptam
783 2018 915 2082 canendi
939 2018 1090 2081 rationem
1114 2018 1147 2080 in
1171 2016 1362 2101 tragoediam

243 2129 461 2192 introduxisse.
494 2129 553 2194 Sed
582 2130 664 2192 nihil
694 2137 748 2209 est,
780 2131 899 2215 opinor,
924 2129 1009 2214 quod
1034 2129 1247 2193 concedamus.
1274 2129 1364 2213 Inep·

244 2249 296 2306 tus
326 2243 452 2306 omnino
484 2243 594 2306 fuisset
625 2243 710 2306 chori
741 2249 850 2306 cantus
882 2243 908 2306 si
939 2243 1017 2305 duas
1048 2242 1210 2306 distinctas
1233 2240 1364 2326 syllabas

245 2354 268 2420 ai
299 2356 541 2440 pronuntiasset,
573 2379 637 2420 non
665 2379 737 2420 vero
761 2356 787 2419 si
810 2379 903 2420 unam
927 2356 1068 2441 perduc
1092 2361 1201 2419 cantus
1224 2362 1364 2439 tempora

244 2470 437 2554 productam,
461 2492 562 2553 neque
586 2493 640 2532 nos
660 2469 789 2533 offendit
808 2470 879 2533 talis
898 2469 1064 2555 productio
1075 2469 1108 2532 in
1121 2469 1204 2553 gravi
1223 2469 1364 2532 hodierni

246 2581 371 2645 oratorii
395 2587 499 2644 cantu.
524 2580 615 2645 Nihil
638 2582 744 2666 igitur,
769 2604 837 2645 meo
861 2581 987 2664 quidem
1010 2582 1137 2658 iudicio,
1162 2580 1264 2644 obstat
1288 2581 1364 2663 quin

245 2701 419 2758 statuamus
437 2694 655 2772 εἱενλνσσόμεννς
678 2695 825 2759 cecinisse
853 2695 980 2759 chorum
1003 2694 1155 2758 Electrae.

291 2807 430 2870 Similem
461 2807 619 2893 parodiam
649 2807 771 2872 Thesm.
802 2810 886 2871 1039
919 2808 1047 2893 reperiri
1070 2808 1202 2871 coniecit
1226 2807 1365 2871 'Eritsche

246 2920 321 3004 quia
351 2920 384 2983 iu
413 2921 484 2984 cod.
512 2920 587 2984 Rav.
618 2920 649 2983 h.
680 2921 702 2983 Ι.
733 2921 867 3004 legitur:
899 2922 959 2985 dari
982 2921 1013 2985 δὲ
1036 2920 1194 2999 συγγόνων,
1219 2921 1289 2983 ἀλλ’
1315 2921 1361 2984 ἄν’

247 3032 346 3110 ἄννμνν
377 3033 483 3097 eausa.
514 3033 624 3096 Edidit
655 3031 725 3097 ἄλλ’
757 3035 812 3097 ἀν’.
846 3033 1023 3097 Praestaret
1046 3032 1091 3098 ἄν’
1115 3033 1169 3096 ἀν’.
1195 3032 1255 3096 Sed
1273 3033 1366 3096 nimis

248 3149 367 3209 incerta
396 3152 443 3208 est
465 3145 532 3209 eius
556 3146 734 3209 coniectura
757 3168 828 3208 eum
852 3168 906 3229 per
930 3169 962 3210 se
988 3146 1191 3227 intellegatur
1218 3145 1310 3208 talem
1333 3143 1367 3206 in

248 3265 343 3322 cantu
374 3258 508 3343 syllabae
531 3259 768 3343 productionem
793 3259 885 3321 unice
908 3257 1035 3321 tolerari
1057 3279 1145 3342 posse
1168 3255 1223 3319 ubi
1247 3253 1364 3340 syllaba

248 3372 341 3455 longa
364 3372 405 3435 sit
428 3394 530 3454 neque
554 3372 588 3434 in
612 3371 795 3435 consonanti
817 3370 1013 3434 terminetur.

292 3482 409 3548 Versus
433 3486 518 3546 1315
542 3490 574 3547 et
599 3487 683 3546 1316
708 3508 725 3547 e
747 3484 906 3568 Meleagro
930 3474 1066 3547 desumti
1088 3481 1246 3544 videntur.
1271 3480 1368 3544 Testi-

165 3594 167 3598 “
249 3596 352 3659 monia
382 3595 619 3660 scholiastarum
649 3597 710 3659 iam
740 3597 845 3659 attuli.
878 3595 980 3659 Schol.
1009 3593 1059 3674 V„
1084 3594 1140 3677 qui
1161 3594 1199 3657 ad
1227 3595 1310 3656 1315
1336 3594 1368 3656 ἐκ
1477 3631 1480 3638 -

249 3719 326 3774 Μελ.
359 3711 429 3789 Εὐρ.
453 3709 558 3787 habet,
582 3710 620 3774 ad
646 3712 730 3772 1316
754 3716 885 3773 annotat
910 3707 961 3772 aul
986 3713 1085 3772 τμῦτνν
1108 3707 1268 3787 Εὐριπίδου
1293 3706 1368 3790 (sine

248 3822 425 3906 tragoediae
457 3823 593 3906 nomine)
625 3821 686 3887 ἔστι
718 3824 749 3886 δὲ
779 3822 979 3902 decadarum,
1005 3844 1084 3904 quae
1108 3821 1237 3883 fortasse
1260 3821 1298 3883 ad
1322 3842 1366 3882 vs.

251 3939 335 3999 1319
360 3936 530 4021 pertinent.

248 4161 300 4225 Vs.
329 4154 432 4226 1317.
469 4158 502 4222 ἵν’
527 4157 539 4222 ὃ
563 4159 709 4240 &laxatos
732 4156 846 4221 ἔπαλλε
869 4157 935 4221 δελ-

470 4272 522 4354 φὶς
546 4271 667 4353 πρῴραις
692 4271 914 4349 κυανεμβόλοις.

295 4386 492 4450 Verbotenus
512 4408 549 4450 ex
570 4384 685 4448 Electr.
707 4384 784 4447 Eur.
805 4386 869 4446 435
883 4406 927 4470 sq.
941 4381 1176 4446 Observandum
1190 4386 1237 4444 est
1252 4378 1368 4442 Aristo·
