3218 5370
687 604 804 647 aaran.
1222 590 1283 649 165

193 767 298 833 Αίαντι
329 792 401 833 cum
428 769 557 852 reliquis
582 770 688 856 aliquo
712 769 814 848 modo,
837 770 1045 853 grammatice
1068 769 1186 843 saltem,
1210 771 1316 835 cohae-

191 888 267 960 reat,
299 905 423 946 necesso
454 888 509 945 cst.
540 881 771 966 Interpretatur
795 881 951 945 Fritsche:
975 881 1101 945 densam
1124 882 1311 967 phalangem

93 1070 98 1075 ι
184 996 281 1087 xAiaci
304 996 490 1074 adstantem,
515 997 603 1059 utri
624 996 777 1072 οννκλινὲς
796 995 952 1059 obiectum
972 995 1014 1058 sit
1032 994 1116 1058 verbi
1136 997 1311 1077 παρασχών.

191 1108 242 1171 Ita
265 1131 335 1171 vero
357 1108 430 1170 satis
452 1130 545 1171 sanus
566 1107 669 1189 evadit
689 1131 806 1185 sensus,
828 1129 900 1190 quo,
920 1131 988 1170 mea
1007 1107 1133 1190 quidem
1155 1109 1310 1192 opinione,

192 1221 291 1284 omnis
321 1219 447 1304 parodia
477 1219 612 1282 tollitur.
645 1222 806 1283 Hermann
834 1220 988 1303 Aeschylo
1012 1219 1125 1283 tribuit
1149 1244 1176 1283 r.
1202 1236 1310 1298 σννκλ.

190 1331 218 1395 1)
241 1334 287 1396 ἐπ’
312 1334 359 1396 Ἀ.
385 1330 470 1414 ξίφος
494 1332 532 1396 of.
558 1332 661 1397 Schol.
688 1332 780 1416 Soph.
805 1333 856 1397 Ai.
883 1334 946 1395 883
970 1355 1020 1418 ap.
1045 1333 1084 1398 D.
1110 1333 1146 1396 fr.
1173 1337 1223 1398 78.
1251 1334 1312 1397 Res

192 1446 309 1508 incerta
332 1451 389 1507 est.

237 1556 284 1621 De
307 1557 438 1642 singulis
461 1555 599 1620 versibus
621 1557 789 1621 videamus.

236 1668 289 1732 Vs.
325 1673 420 1748 1285,
450 1669 578 1733 verbum
609 1669 721 1746 πέμπει
748 1673 843 1749 1287,
867 1693 910 1733 vs.
937 1673 1021 1733 1289
1046 1676 1121 1733 suut
1145 1672 1309 1754 Agamem·

191 1782 280 1845 nonis
313 1784 373 1844 1119
406 1803 473 1864 sqq.
506 1781 619 1861 Schol.,
652 1782 707 1863 qui
734 1781 834 1858 ύκμίιν
860 1782 891 1845 δὲ
916 1781 968 1855 τὴν
993 1782 1114 1855 νεύτνρτα
1137 1781 1309 1867 adscripsit,

113 1908 115 1912 ’
192 1917 246 1978 pro
269 1891 349 1972 ἥβας
372 1892 451 1972 ἥβαν
475 1895 523 1957 vel
546 1894 647 1972 οὲκμὴν
669 1895 757 1977 legit,
782 1916 861 1977 quae
884 1895 977 1958 ctiam
997 1894 1148 1958 librorum
1162 1895 1307 1979 Aeschyli

192 2014 239 2069 est
262 2006 366 2069 lectio,

235 2120 285 2182 Ad
309 2142 353 2183 vs.
380 2120 462 2182 1287
488 2118 618 2199 Σφίγγα
638 2111 815 2200 δνταμεριοῖν
832 2119 969 2201 πρύτανιν
989 2119 1063 2184 κύνα
1080 2119 1312 2184 8111011ταῦτα

191 2232 221 2296 δὲ
240 2233 273 2296 ἐκ
285 2233 424 2311 Σφιγγὸς
437 2231 609 2310 Ἀιοχύλον.
625 2232 700 2295 Fuit
712 2231 817 2294 drama
830 2233 997 2316 satyricum
1010 2256 1026 2295 e
1038 2233 1203 2316 tetralogia
1216 2231 1309 2296 Oedi-

192 2346 290 2429 podea
314 2346 403 2408 cuius
422 2345 551 2407 fuerunt
569 2344 675 2422 Laius,
697 2344 847 2429 Oedipus,
867 2344 951 2430 Sept.
972 2346 1039 2408 adv.
1061 2345 1157 2424 Theb,
1179 2346 1308 2430 Sphinx.

236 2459 286 2522 Ad
320 2461 402 2521 1291
436 2465 534 2538 κνρεῖν-
558 2496 603 2505 -
625 2459 800 2538 ἀεροφοίτοις
824 2458 924 2521 Schol.
950 2458 987 2521 11.
1014 2466 1045 2521 et
1069 2458 1108 2522 V.
1133 2480 1311 2543 perperam:

191 2576 275 2635 τοῦτο
306 2568 339 2644 ἐξ
371 2569 606 2647 Ἀγαμέμνονος.
620 2558 622 2562 ⁴
638 2569 678 2633 In
702 2593 836 2633 errorem
861 2570 984 2634 inducti
1008 2577 1083 2634 sunt
1106 2570 1207 2634 verbis
1231 2594 1309 2634 πτα-

82 2743 85 2747 .
191 2689 260 2746 νοῑσι
284 2682 351 2746 αντὶ
375 2682 484 2762 πατρός
506 2705 547 2745 vs.
575 2683 646 2745 186.
674 2682 700 2744 E
725 2681 861 2766 Sphinge
886 2705 1007 2746 versum
1030 2706 1094 2747 esse
1114 2684 1311 2768 suspicantur

191 2795 241 2858 Fr.
266 2802 298 2858 et
322 2794 364 2857 N.

154 2908 155 2911 ’
234 2908 281 2972 Do
306 2932 349 2971 vs.
377 2911 460 2972 1291
484 2908 587 2972 Schol.
612 2908 797 2988 Τιμαχίδας
822 2908 900 2989 Φησὶ
924 2914 1009 2973 τούτο
1030 2911 1058 2972 ἐν
1077 2909 1156 2982 ἐνίοις
1175 2909 1217 2986 μὴ
1237 2908 1310 2989 νροί-

189 3023 305 3102 Φεοίαι.
339 3023 534 3092 Ἀπολλώνιος
561 3021 592 3085 δέ
615 3025 706 3101 Φηοιν
726 3024 759 3085 ἐκ
782 3026 918 3102 Θρροοῶν
943 3022 1015 3086 αύτὸ
1035 3018 1114 3087 εἶναι.
1135 3022 1182 3086 De
1201 3022 1310 3085 Thres-

189 3133 231 3197 sis
265 3133 326 3197 vid.
360 3133 454 3197 Dind.
485 3135 524 3198 ad
556 3134 592 3197 fr.
628 3135 767 3198 77-79.
798 3133 887 3196 Idem
915 3134 954 3198 iis
978 3157 1013 3198 ac
1037 3133 1197 3218 Sophoclis
1220 3135 1308 3197 Aiaci

189 3245 251 3309 luit
274 3253 503 3330 argumentum.
557 3287 562 3296 ·
908 3279 910 3282 >

190 3469 244 3533 Vs.
272 3462 375 3530 1305.
733 3469 825 3534 καίτοι
848 3469 880 3533 τί
901 3469 946 3532 δεῖ

414 3580 502 3662 λύρας
526 3579 575 3645 ἐπὶ
599 3585 717 3656 τούτον;
742 3587 797 3645 πού
822 3582 895 3644 ’στιν
919 3586 935 3655 h
959 3588 1021 3653 τοῖς
1044 3579 1191 3660 ύοτροίκοις

410 3690 485 3767 αὕτη
511 3697 668 3774 κροτούοα;
694 3694 780 3773 δεῦρο,
805 3693 900 3757 Μούσ’
925 3693 1095 3774 Εύριπίδον.

234 3807 335 3872 Schol.
360 3807 482 3884 λέγεται
505 3808 536 3871 δὲ
561 3809 600 3880 είς
623 3807 675 3880 τὴν
699 3807 869 3887 ’Υψιπύλην
892 3812 999 3871 ταῦτα.
1026 3807 1066 3870 In
1089 3807 1147 3870 hoc
1171 3806 1309 3869 dramate

189 3921 313 3984 videtur
336 3920 449 3983 mulier
472 3920 623 4004 prodiisse
648 3942 728 4003 quae
750 3920 839 3982 testis
858 3942 969 3982 sonum
990 3917 1153 3982 edentibus
1172 3919 1235 3982 sive
1248 3940 1309 3981 cre-

188 4032 315 4118 pundiis
340 4031 498 4095 utebatur.
525 4032 659 4114 Photius
682 4033 715 4095 in
739 4030 925 4112 κροταλίζειν.
952 4033 998 4095 Ού
1018 4031 1066 4094 δια
1084 4034 1185 4110 χειρῶν
1199 4036 1307 4110 κροτεῖν

188 4145 271 4209 cintii
293 4145 343 4209 διοδ
364 4144 503 4225 κροτοίλον
527 4153 581 4219 τῆς
603 4143 827 4226 αροταλισοίσιος,
852 4145 889 4215 ὡς
912 4143 1074 4222 Εὐριπίδης
1097 4142 1191 4222 <dach
1215 4143 1228 4206 ὁ
1251 4166 1307 4206 κιο-

189 4258 272 4334 μικὸς
301 4255 364 4332 περὶ
388 4264 442 4330 τῆς
467 4256 638 4336 ’Ὑψιπύλης
662 4256 764 4334 λέγων.
792 4254 850 4318 His
874 4253 1012 4318 llritsche
1036 4255 1153 4319 mederi
1176 4260 1309 4319 conatur

190 4368 372 4432 emendans:
405 4369 459 4432 Ού.
485 4369 510 4432 δ.
536 4391 570 4447 χ.
595 4393 648 4449 ap..
672 4369 755 4432 1111111
777 4368 825 4431 aa
848 4366 997 4448 κροτοίλον·
1021 4365 1109 4440 οὕτως
1133 4367 1301 4448 Εὐριπίδης,
