<?xml version="1.0" encoding="UTF-8"?>
<!DOCTYPE html PUBLIC "-//W3C//DTD XHTML 1.0 Transitional//EN"
    "http://www.w3.org/TR/xhtml1/DTD/xhtml1-transitional.dtd">
<html xmlns="http://www.w3.org/1999/xhtml" xml:lang="en" lang="en">
 <head>
  <title>
</title>
<meta http-equiv="Content-Type" content="text/html;charset=utf-8" />
  <meta name='ocr-system' content='tesseract 3.04.00' />
  <meta name='ocr-capabilities' content='ocr_page ocr_carea ocr_par ocr_line ocrx_word'/>
</head>
<body>
  <div class='ocr_page' id='page_1' title='image "./deparodiaincomo00bakhgoog_0020.png"; bbox 0 0 3218 5370; ppageno 0'>
   <div class='ocr_carea' id='block_1_1' title="bbox 648 574 1302 642">
    <p class='ocr_par' dir='ltr' id='par_1_1' title="bbox 648 574 1302 642">
     <span class='ocr_line' id='line_1_1' title="bbox 648 574 1302 642; baseline -0.006 0"><span class='ocrx_word' id='word_1_1' title='bbox 648 597 882 642; x_wconf 72' lang='lat' dir='ltr'><strong>scansurusas.</strong></span> <span class='ocrx_word' id='word_1_2' title='bbox 1286 574 1302 638; x_wconf 85' lang='grc'><strong>7</strong></span> 
     </span>
    </p>
   </div>
   <div class='ocr_carea' id='block_1_2' title="bbox 206 761 1325 850">
    <p class='ocr_par' dir='ltr' id='par_1_2' title="bbox 206 761 1325 850">
     <span class='ocr_line' id='line_1_2' title="bbox 206 761 1325 850; baseline -0.008 -19"><span class='ocrx_word' id='word_1_3' title='bbox 206 769 331 850; x_wconf 87' lang='lat' dir='ltr'><strong>suisque</strong></span> <span class='ocrx_word' id='word_1_4' title='bbox 358 767 495 830; x_wconf 90' lang='lat' dir='ltr'><strong>numeris</strong></span> <span class='ocrx_word' id='word_1_5' title='bbox 519 772 611 850; x_wconf 85' lang='lat' dir='ltr'><strong>poete</strong></span> <span class='ocrx_word' id='word_1_6' title='bbox 634 786 710 827; x_wconf 90' lang='lat' dir='ltr'><strong>usus</strong></span> <span class='ocrx_word' id='word_1_7' title='bbox 734 771 790 826; x_wconf 90' lang='lat' dir='ltr'><strong>est.</strong></span> <span class='ocrx_word' id='word_1_8' title='bbox 810 763 836 826; x_wconf 94' lang='lat' dir='ltr'><strong>E</strong></span> <span class='ocrx_word' id='word_1_9' title='bbox 857 761 1062 846; x_wconf 79' lang='lat' dir='ltr'>sequentibus</span> <span class='ocrx_word' id='word_1_10' title='bbox 1083 762 1182 824; x_wconf 88' lang='lat' dir='ltr'><strong>afferri</strong></span> <span class='ocrx_word' id='word_1_11' title='bbox 1195 767 1325 845; x_wconf 81' lang='lat' dir='ltr'><strong>possunt</strong></span> 
     </span>
    </p>
   </div>
   <div class='ocr_carea' id='block_1_3' title="bbox 207 872 1329 1185">
    <p class='ocr_par' dir='ltr' id='par_1_3' title="bbox 207 872 1329 1185">
     <span class='ocr_line' id='line_1_3' title="bbox 208 872 1326 958; baseline -0.009 -15"><span class='ocrx_word' id='word_1_12' title='bbox 208 880 343 944; x_wconf 89' lang='lat' dir='ltr'><strong>carmina</strong></span> <span class='ocrx_word' id='word_1_13' title='bbox 367 878 488 941; x_wconf 86' lang='lat' dir='ltr'><strong>chorica</strong></span> <span class='ocrx_word' id='word_1_14' title='bbox 507 879 569 940; x_wconf 79' lang='lat'><strong>359</strong></span> <span class='ocrx_word' id='word_1_15' title='bbox 595 899 660 958; x_wconf 92' lang='lat' dir='ltr'><strong>sqq.</strong></span> <span class='ocrx_word' id='word_1_16' title='bbox 688 877 742 956; x_wconf 87' lang='lat' dir='ltr'><strong>(vs.</strong></span> <span class='ocrx_word' id='word_1_17' title='bbox 769 878 832 937; x_wconf 72' lang='lat'><strong>362</strong></span> <span class='ocrx_word' id='word_1_18' title='bbox 856 897 981 958; x_wconf 91' lang='lat' dir='ltr'><strong>quoque</strong></span> <span class='ocrx_word' id='word_1_19' title='bbox 1002 874 1135 936; x_wconf 85' lang='lat' dir='ltr'><strong>colorem</strong></span> <span class='ocrx_word' id='word_1_20' title='bbox 1155 872 1248 935; x_wconf 87' lang='lat' dir='ltr'><strong>habet</strong></span> <span class='ocrx_word' id='word_1_21' title='bbox 1267 879 1326 934; x_wconf 88' lang='lat' dir='ltr'><strong>tra-</strong></span> 
     </span>
     <span class='ocr_line' id='line_1_4' title="bbox 207 987 1329 1072; baseline -0.005 -20"><span class='ocrx_word' id='word_1_22' title='bbox 207 991 333 1072; x_wconf 87' lang='lat' dir='ltr'><strong>gicum),</strong></span> <span class='ocrx_word' id='word_1_23' title='bbox 367 992 430 1051; x_wconf 75' lang='lat'><strong>388</strong></span> <span class='ocrx_word' id='word_1_24' title='bbox 455 1011 532 1070; x_wconf 67' lang='lat' dir='ltr'><strong>sqq„</strong></span> <span class='ocrx_word' id='word_1_25' title='bbox 557 1004 691 1070; x_wconf 87' lang='lat' dir='ltr'><strong>quorum</strong></span> <span class='ocrx_word' id='word_1_26' title='bbox 715 994 849 1056; x_wconf 85' lang='lat' dir='ltr'><strong>metrum</strong></span> <span class='ocrx_word' id='word_1_27' title='bbox 872 987 1088 1050; x_wconf 86' lang='lat' dir='ltr'><strong>dochmiacurn</strong></span> <span class='ocrx_word' id='word_1_28' title='bbox 1112 992 1218 1048; x_wconf 85' lang='lat' dir='ltr'><strong>utrum</strong></span> <span class='ocrx_word' id='word_1_29' title='bbox 1242 1007 1329 1069; x_wconf 86' lang='lat' dir='ltr'><strong>paro-</strong></span> 
     </span>
     <span class='ocr_line' id='line_1_5' title="bbox 207 1099 1081 1185; baseline -0.005 -20"><span class='ocrx_word' id='word_1_30' title='bbox 207 1102 276 1165; x_wconf 90' lang='lat' dir='ltr'><strong>diae</strong></span> <span class='ocrx_word' id='word_1_31' title='bbox 300 1125 339 1165; x_wconf 88' lang='lat' dir='ltr'><strong>au</strong></span> <span class='ocrx_word' id='word_1_32' title='bbox 364 1100 613 1185; x_wconf 85' lang='lat' dir='ltr'><strong>paratragoediae</strong></span> <span class='ocrx_word' id='word_1_33' title='bbox 637 1100 787 1163; x_wconf 89' lang='lat' dir='ltr'><strong>indicium</strong></span> <span class='ocrx_word' id='word_1_34' title='bbox 812 1101 861 1176; x_wconf 89' lang='lat' dir='ltr'><strong>sit,</strong></span> <span class='ocrx_word' id='word_1_35' title='bbox 886 1122 948 1162; x_wconf 89' lang='lat' dir='ltr'><strong>non</strong></span> <span class='ocrx_word' id='word_1_36' title='bbox 971 1099 1081 1181; x_wconf 88' lang='lat' dir='ltr'><strong>liquet.</strong></span> 
     </span>
    </p>
   </div>
   <div class='ocr_carea' id='block_1_4' title="bbox 165 1309 1340 4460">
    <p class='ocr_par' dir='ltr' id='par_1_4' title="bbox 210 1309 1328 1516">
     <span class='ocr_line' id='line_1_6' title="bbox 210 1309 1240 1407; baseline -0.001 -21"><span class='ocrx_word' id='word_1_37' title='bbox 210 1324 263 1387; x_wconf 84' lang='lat' dir='ltr'><strong>Vs.</strong></span> <span class='ocrx_word' id='word_1_38' title='bbox 289 1318 357 1386; x_wconf 71' lang='lat'><strong>325</strong></span> <span class='ocrx_word' id='word_1_39' title='bbox 385 1347 451 1407; x_wconf 85' lang='lat' dir='ltr'><strong>sqq.</strong></span> <span class='ocrx_word' id='word_1_40' title='bbox 742 1323 810 1384; x_wconf 91' lang='lat' dir='ltr'><strong>Dic.</strong></span> <span class='ocrx_word' id='word_1_41' title='bbox 836 1320 974 1403; x_wconf 73' lang='grc' dir='ltr'><em>δήξομᾶρ’</em></span> <span class='ocrx_word' id='word_1_42' title='bbox 1001 1324 1081 1400; x_wconf 76' lang='grc' dir='ltr'><em>ύριὶις</em></span> <span class='ocrx_word' id='word_1_43' title='bbox 1104 1322 1171 1399; x_wconf 72' lang='grc' dir='ltr'><em>ἐγώ·</em></span> <span class='ocrx_word' id='word_1_44' title='bbox 1237 1309 1240 1314; x_wconf 67' lang='lat'><strong>,</strong></span> 
     </span>
     <span class='ocr_line' id='line_1_7' title="bbox 380 1435 1328 1516; baseline -0.002 -16"><span class='ocrx_word' id='word_1_45' title='bbox 380 1438 585 1500; x_wconf 77' lang='grc' dir='ltr'><em>οὶντοιτοκτενῶ</em></span> <span class='ocrx_word' id='word_1_46' title='bbox 609 1436 665 1516; x_wconf 67' lang='grc' dir='ltr'><strong>γὰρ</strong></span> <span class='ocrx_word' id='word_1_47' title='bbox 691 1437 769 1513; x_wconf 81' lang='grc' dir='ltr'><em>ὑμῶν</em></span> <span class='ocrx_word' id='word_1_48' title='bbox 792 1440 848 1499; x_wconf 78' lang='grc' dir='ltr'><strong>τῶν</strong></span> <span class='ocrx_word' id='word_1_49' title='bbox 871 1435 965 1516; x_wconf 75' lang='grc' dir='ltr'><em>Φίλων</em></span> <span class='ocrx_word' id='word_1_50' title='bbox 988 1437 1053 1508; x_wconf 86' lang='grc' dir='ltr'><em>τοὺς</em></span> <span class='ocrx_word' id='word_1_51' title='bbox 1074 1435 1246 1516; x_wconf 77' lang='grc' dir='ltr'><em>Φιλτούτους.</em></span> <span class='ocrx_word' id='word_1_52' title='bbox 1268 1436 1328 1499; x_wconf 84' lang='grc' dir='ltr'><strong>κτὲ.</strong></span> 
     </span>
    </p>

    <p class='ocr_par' dir='ltr' id='par_1_5' title="bbox 210 1548 1335 2421">
     <span class='ocr_line' id='line_1_8' title="bbox 255 1548 1331 1636; baseline -0.003 -22"><span class='ocrx_word' id='word_1_53' title='bbox 255 1552 491 1636; x_wconf 85' lang='lat' dir='ltr'><strong>Aggrediuntur</strong></span> <span class='ocrx_word' id='word_1_54' title='bbox 525 1549 738 1612; x_wconf 89' lang='lat' dir='ltr'><strong>Acharnenses</strong></span> <span class='ocrx_word' id='word_1_55' title='bbox 767 1548 1018 1634; x_wconf 85' lang='lat' dir='ltr'><strong>Dicaeopolidem</strong></span> <span class='ocrx_word' id='word_1_56' title='bbox 1049 1572 1092 1612; x_wconf 91' lang='lat' dir='ltr'><strong>vs.</strong></span> <span class='ocrx_word' id='word_1_57' title='bbox 1123 1550 1196 1627; x_wconf 67' lang='lat'><strong>325,</strong></span> <span class='ocrx_word' id='word_1_58' title='bbox 1221 1548 1331 1611; x_wconf 85' lang='lat' dir='ltr'><strong>atille</strong></span> 
     </span>
     <span class='ocr_line' id='line_1_9' title="bbox 210 1637 1332 1747; baseline -0.004 -18"><span class='ocrx_word' id='word_1_59' title='bbox 210 1667 243 1729; x_wconf 89' lang='lat' dir='ltr'><strong>in</strong></span> <span class='ocrx_word' id='word_1_60' title='bbox 274 1687 429 1728; x_wconf 87' lang='lat' dir='ltr'><strong>summum</strong></span> <span class='ocrx_word' id='word_1_61' title='bbox 453 1663 607 1727; x_wconf 88' lang='lat' dir='ltr'><strong>adductus</strong></span> <span class='ocrx_word' id='word_1_62' title='bbox 630 1662 814 1747; x_wconf 87' lang='lat' dir='ltr'><strong>periculum,</strong></span> <span class='ocrx_word' id='word_1_63' title='bbox 840 1662 895 1744; x_wconf 92' lang='lat' dir='ltr'><strong>qui</strong></span> <span class='ocrx_word' id='word_1_64' title='bbox 918 1661 1053 1724; x_wconf 90' lang='lat' dir='ltr'><strong>inimicis</strong></span> <span class='ocrx_word' id='word_1_65' title='bbox 1078 1637 1253 1724; x_wconf 80' lang='lat' dir='ltr'><strong>carissimus</strong></span> <span class='ocrx_word' id='word_1_66' title='bbox 1276 1668 1332 1740; x_wconf 90' lang='lat' dir='ltr'><strong>est,</strong></span> 
     </span>
     <span class='ocr_line' id='line_1_10' title="bbox 210 1774 1333 1863; baseline -0.002 -23"><span class='ocrx_word' id='word_1_67' title='bbox 210 1779 258 1842; x_wconf 80' lang='grc' dir='ltr'><strong>τὸν</strong></span> <span class='ocrx_word' id='word_1_68' title='bbox 288 1777 391 1858; x_wconf 79' lang='grc' dir='ltr'><em>λύρκον</em></span> <span class='ocrx_word' id='word_1_69' title='bbox 421 1777 531 1860; x_wconf 79' lang='lat' dir='ltr'>arripit</span> <span class='ocrx_word' id='word_1_70' title='bbox 562 1774 763 1863; x_wconf 77' lang='lat' dir='ltr'><strong>obsidemque</strong></span> <span class='ocrx_word' id='word_1_71' title='bbox 795 1775 933 1838; x_wconf 88' lang='lat' dir='ltr'><strong>occidere</strong></span> <span class='ocrx_word' id='word_1_72' title='bbox 965 1775 1101 1838; x_wconf 87' lang='lat' dir='ltr'><strong>minatur</strong></span> <span class='ocrx_word' id='word_1_73' title='bbox 1125 1775 1185 1837; x_wconf 89' lang='lat' dir='ltr'><strong>nisi</strong></span> <span class='ocrx_word' id='word_1_74' title='bbox 1209 1776 1333 1859; x_wconf 88' lang='lat' dir='ltr'><strong>incepto</strong></span> 
     </span>
     <span class='ocr_line' id='line_1_11' title="bbox 211 1886 1335 1968; baseline -0.002 -16"><span class='ocrx_word' id='word_1_75' title='bbox 211 1890 372 1954; x_wconf 81' lang='lat' dir='ltr'><strong>desistant.</strong></span> <span class='ocrx_word' id='word_1_76' title='bbox 393 1889 563 1954; x_wconf 76' lang='lat' dir='ltr'><strong>Scholiasta</strong></span> <span class='ocrx_word' id='word_1_77' title='bbox 583 1889 657 1951; x_wconf 90' lang='lat' dir='ltr'><strong>haec</strong></span> <span class='ocrx_word' id='word_1_78' title='bbox 677 1886 797 1952; x_wconf 90' lang='lat' dir='ltr'><strong>scribit:</strong></span> <span class='ocrx_word' id='word_1_79' title='bbox 818 1887 859 1951; x_wconf 75' lang='grc' dir='ltr'><strong>τοὶ</strong></span> <span class='ocrx_word' id='word_1_80' title='bbox 879 1889 910 1951; x_wconf 76' lang='grc' dir='ltr'><strong>δὲ</strong></span> <span class='ocrx_word' id='word_1_81' title='bbox 930 1886 1056 1965; x_wconf 58' lang='lat' dir='ltr'><strong>erycino</strong></span> <span class='ocrx_word' id='word_1_82' title='bbox 1076 1886 1161 1961; x_wconf 67' lang='grc' dir='ltr'><strong>πύθη</strong></span> <span class='ocrx_word' id='word_1_83' title='bbox 1183 1887 1335 1968; x_wconf 83' lang='grc' dir='ltr'><em>ύτοσοιίζει</em></span> 
     </span>
     <span class='ocr_line' id='line_1_12' title="bbox 211 1999 1335 2083; baseline -0.003 -17"><span class='ocrx_word' id='word_1_84' title='bbox 211 2011 264 2077; x_wconf 78' lang='grc' dir='ltr'><strong>της</strong></span> <span class='ocrx_word' id='word_1_85' title='bbox 298 2002 479 2083; x_wconf 55' lang='lat' dir='ltr'><strong>sparseras,</strong></span> <span class='ocrx_word' id='word_1_86' title='bbox 516 2000 579 2065; x_wconf 76' lang='grc' dir='ltr'><strong>ἐπεὶ</strong></span> <span class='ocrx_word' id='word_1_87' title='bbox 615 2000 666 2064; x_wconf 74' lang='lat' dir='ltr'><strong>xxi</strong></span> <span class='ocrx_word' id='word_1_88' title='bbox 702 2001 716 2063; x_wconf 84' lang='grc' dir='ltr'><em>ύ</em></span> <span class='ocrx_word' id='word_1_89' title='bbox 752 2002 893 2080; x_wconf 71' lang='grc' dir='ltr'><em>Τήλεφος</em></span> <span class='ocrx_word' id='word_1_90' title='bbox 927 1999 1009 2063; x_wconf 73' lang='grc' dir='ltr'><em>κοντοὶ</em></span> <span class='ocrx_word' id='word_1_91' title='bbox 1043 2000 1091 2063; x_wconf 79' lang='grc' dir='ltr'><strong>τὸν</strong></span> <span class='ocrx_word' id='word_1_92' title='bbox 1126 2001 1335 2081; x_wconf 74' lang='grc' dir='ltr'><em>τροινῳδοτοιὸν</em></span> 
     </span>
     <span class='ocr_line' id='line_1_13' title="bbox 212 2090 1335 2204; baseline -0.004 -24"><span class='ocrx_word' id='word_1_93' title='bbox 212 2114 374 2195; x_wconf 81' lang='grc' dir='ltr'><em>Αἰσχύλον,</em></span> <span class='ocrx_word' id='word_1_94' title='bbox 407 2113 453 2178; x_wconf 76' lang='lat' dir='ltr'><strong>iva</strong></span> <span class='ocrx_word' id='word_1_95' title='bbox 484 2113 564 2193; x_wconf 79' lang='grc' dir='ltr'><em>τύχη</em></span> <span class='ocrx_word' id='word_1_96' title='bbox 597 2090 679 2193; x_wconf 76' lang='grc' dir='ltr'><em>τοιρύι</em></span> <span class='ocrx_word' id='word_1_97' title='bbox 707 2120 767 2184; x_wconf 78' lang='grc' dir='ltr'><em>τοῖς</em></span> <span class='ocrx_word' id='word_1_98' title='bbox 792 2110 921 2204; x_wconf 77' lang='grc' dir='ltr'><em>Ἕλλησι</em></span> <span class='ocrx_word' id='word_1_99' title='bbox 945 2112 1096 2192; x_wconf 71' lang='grc' dir='ltr'><em>σωτηρίοις,</em></span> <span class='ocrx_word' id='word_1_100' title='bbox 1121 2114 1169 2176; x_wconf 81' lang='grc' dir='ltr'><strong>τὸν</strong></span> <span class='ocrx_word' id='word_1_101' title='bbox 1193 2112 1335 2193; x_wconf 85' lang='grc' dir='ltr'><em>Ὀρέστην</em></span> 
     </span>
     <span class='ocr_line' id='line_1_14' title="bbox 212 2224 1335 2307; baseline -0.003 -15"><span class='ocrx_word' id='word_1_102' title='bbox 212 2224 277 2307; x_wconf 78' lang='grc' dir='ltr'><em>εἶχε</em></span> <span class='ocrx_word' id='word_1_103' title='bbox 299 2227 466 2304; x_wconf 76' lang='grc' dir='ltr'><em>σνλλοιβύν.</em></span> <span class='ocrx_word' id='word_1_104' title='bbox 493 2229 697 2307; x_wconf 80' lang='grc' dir='ltr'><em>σοιροιτλησιον</em></span> <span class='ocrx_word' id='word_1_105' title='bbox 721 2225 751 2289; x_wconf 80' lang='grc' dir='ltr'><strong>δέ</strong></span> <span class='ocrx_word' id='word_1_106' title='bbox 774 2251 802 2289; x_wconf 89' lang='grc' dir='ltr'><strong>τι</strong></span> <span class='ocrx_word' id='word_1_107' title='bbox 821 2224 872 2289; x_wconf 74' lang='lat' dir='ltr'><strong>aral</strong></span> <span class='ocrx_word' id='word_1_108' title='bbox 893 2227 922 2288; x_wconf 86' lang='grc' dir='ltr'><strong>ἑν</strong></span> <span class='ocrx_word' id='word_1_109' title='bbox 941 2232 1009 2298; x_wconf 83' lang='grc' dir='ltr'><em>τοιῑς</em></span> <span class='ocrx_word' id='word_1_110' title='bbox 1030 2224 1335 2306; x_wconf 61' lang='grc' dir='ltr'><em>Θεσμοφοριαζούσαις</em></span> 
     </span>
     <span class='ocr_line' id='line_1_15' title="bbox 213 2339 893 2421; baseline -0.006 -16"><span class='ocrx_word' id='word_1_111' title='bbox 213 2341 352 2415; x_wconf 78' lang='grc' dir='ltr'><em>ἐποίησεν.</em></span> <span class='ocrx_word' id='word_1_112' title='bbox 376 2342 389 2405; x_wconf 84' lang='grc' dir='ltr'><em>ὁ</em></span> <span class='ocrx_word' id='word_1_113' title='bbox 413 2340 469 2421; x_wconf 73' lang='grc' dir='ltr'><em>γύιρ</em></span> <span class='ocrx_word' id='word_1_114' title='bbox 493 2340 645 2420; x_wconf 78' lang='grc' dir='ltr'><em>Εύριτιδον</em></span> <span class='ocrx_word' id='word_1_115' title='bbox 667 2339 810 2412; x_wconf 73' lang='grc' dir='ltr'><em>κηδεστής</em></span> <span class='ocrx_word' id='word_1_116' title='bbox 834 2340 893 2403; x_wconf 85' lang='grc' dir='ltr'><strong>κτὲ.</strong></span> 
     </span>
    </p>

    <p class='ocr_par' dir='ltr' id='par_1_6' title="bbox 214 2451 1339 3224">
     <span class='ocr_line' id='line_1_16' title="bbox 259 2451 1334 2536; baseline 0.001 -20"><span class='ocrx_word' id='word_1_117' title='bbox 259 2453 297 2516; x_wconf 90' lang='lat' dir='ltr'><strong>In</strong></span> <span class='ocrx_word' id='word_1_118' title='bbox 321 2453 444 2517; x_wconf 86' lang='lat' dir='ltr'><strong>scholiis</strong></span> <span class='ocrx_word' id='word_1_119' title='bbox 470 2451 616 2536; x_wconf 81' lang='lat' dir='ltr'><strong>Aeschyli</strong></span> <span class='ocrx_word' id='word_1_120' title='bbox 640 2452 756 2516; x_wconf 89' lang='lat' dir='ltr'><strong>mentio</strong></span> <span class='ocrx_word' id='word_1_121' title='bbox 780 2452 824 2515; x_wconf 91' lang='lat' dir='ltr'><strong>fit.</strong></span> <span class='ocrx_word' id='word_1_122' title='bbox 851 2451 1029 2515; x_wconf 86' lang='lat' dir='ltr'><strong>Videndum</strong></span> <span class='ocrx_word' id='word_1_123' title='bbox 1053 2458 1157 2515; x_wconf 88' lang='lat' dir='ltr'><strong>tamen</strong></span> <span class='ocrx_word' id='word_1_124' title='bbox 1179 2476 1219 2516; x_wconf 88' lang='lat' dir='ltr'><strong>an</strong></span> <span class='ocrx_word' id='word_1_125' title='bbox 1242 2461 1334 2517; x_wconf 90' lang='lat' dir='ltr'><strong>recte.</strong></span> 
     </span>
     <span class='ocr_line' id='line_1_17' title="bbox 215 2545 1336 2652; baseline 0 -22"><span class='ocrx_word' id='word_1_126' title='bbox 215 2567 333 2630; x_wconf 91' lang='lat' dir='ltr'><strong>Mirum</strong></span> <span class='ocrx_word' id='word_1_127' title='bbox 364 2565 446 2629; x_wconf 85' lang='lat' dir='ltr'><strong>enirn</strong></span> <span class='ocrx_word' id='word_1_128' title='bbox 478 2545 542 2629; x_wconf 87' lang='lat' dir='ltr'><strong>esse</strong></span> <span class='ocrx_word' id='word_1_129' title='bbox 573 2565 746 2628; x_wconf 86' lang='lat' dir='ltr'><strong>observavit</strong></span> <span class='ocrx_word' id='word_1_130' title='bbox 778 2564 874 2627; x_wconf 83' lang='lat' dir='ltr'><strong>Vater</strong></span> <span class='ocrx_word' id='word_1_131' title='bbox 897 2564 958 2647; x_wconf 89' lang='lat' dir='ltr'><strong>(die</strong></span> <span class='ocrx_word' id='word_1_132' title='bbox 981 2565 1121 2628; x_wconf 89' lang='lat' dir='ltr'><strong>Aleadeu</strong></span> <span class='ocrx_word' id='word_1_133' title='bbox 1145 2565 1197 2628; x_wconf 92' lang='lat' dir='ltr'><strong>des</strong></span> <span class='ocrx_word' id='word_1_134' title='bbox 1221 2566 1336 2652; x_wconf 84' lang='lat' dir='ltr'><strong>Sopho-</strong></span> 
     </span>
     <span class='ocr_line' id='line_1_18' title="bbox 214 2676 1338 2763; baseline 0 -21"><span class='ocrx_word' id='word_1_135' title='bbox 214 2679 289 2742; x_wconf 85' lang='lat' dir='ltr'><strong>kles.</strong></span> <span class='ocrx_word' id='word_1_136' title='bbox 314 2703 343 2763; x_wconf 90' lang='lat' dir='ltr'><strong>p.</strong></span> <span class='ocrx_word' id='word_1_137' title='bbox 372 2682 423 2762; x_wconf 82' lang='lat'><strong>19)</strong></span> <span class='ocrx_word' id='word_1_138' title='bbox 448 2677 696 2763; x_wconf 86' lang='lat' dir='ltr'><strong>Aristophanem,</strong></span> <span class='ocrx_word' id='word_1_139' title='bbox 721 2677 833 2759; x_wconf 90' lang='lat' dir='ltr'><strong>quiin</strong></span> <span class='ocrx_word' id='word_1_140' title='bbox 857 2676 1107 2742; x_wconf 88' lang='lat' dir='ltr'><strong>Acharuensibus</strong></span> <span class='ocrx_word' id='word_1_141' title='bbox 1131 2677 1189 2741; x_wconf 91' lang='lat' dir='ltr'><strong>hoc</strong></span> <span class='ocrx_word' id='word_1_142' title='bbox 1211 2678 1277 2762; x_wconf 84' lang='lat' dir='ltr'><strong>agit</strong></span> <span class='ocrx_word' id='word_1_143' title='bbox 1300 2686 1338 2742; x_wconf 86' lang='lat' dir='ltr'><strong>ut</strong></span> 
     </span>
     <span class='ocr_line' id='line_1_19' title="bbox 214 2790 1336 2876; baseline 0.002 -21"><span class='ocrx_word' id='word_1_144' title='bbox 214 2791 374 2876; x_wconf 81' lang='lat' dir='ltr'><strong>Euripidis</strong></span> <span class='ocrx_word' id='word_1_145' title='bbox 409 2790 581 2876; x_wconf 85' lang='lat' dir='ltr'><strong>Telephum</strong></span> <span class='ocrx_word' id='word_1_146' title='bbox 612 2797 727 2875; x_wconf 83' lang='lat' dir='ltr'><strong>carpat,</strong></span> <span class='ocrx_word' id='word_1_147' title='bbox 759 2790 863 2855; x_wconf 87' lang='lat' dir='ltr'><strong>subito</strong></span> <span class='ocrx_word' id='word_1_148' title='bbox 890 2790 929 2853; x_wconf 90' lang='lat' dir='ltr'><strong>ad</strong></span> <span class='ocrx_word' id='word_1_149' title='bbox 953 2791 1140 2875; x_wconf 87' lang='lat' dir='ltr'><strong>Aeschylum</strong></span> <span class='ocrx_word' id='word_1_150' title='bbox 1163 2792 1336 2872; x_wconf 88' lang='lat' dir='ltr'><strong>deflectere,</strong></span> 
     </span>
     <span class='ocr_line' id='line_1_20' title="bbox 214 2903 1339 2990; baseline 0.004 -23"><span class='ocrx_word' id='word_1_151' title='bbox 214 2912 285 2990; x_wconf 90' lang='lat' dir='ltr'><strong>post</strong></span> <span class='ocrx_word' id='word_1_152' title='bbox 318 2904 441 2987; x_wconf 90' lang='lat' dir='ltr'><strong>aliquot</strong></span> <span class='ocrx_word' id='word_1_153' title='bbox 474 2927 579 2968; x_wconf 91' lang='lat' dir='ltr'><strong>versus</strong></span> <span class='ocrx_word' id='word_1_154' title='bbox 613 2903 652 2967; x_wconf 87' lang='lat' dir='ltr'><strong>ad</strong></span> <span class='ocrx_word' id='word_1_155' title='bbox 686 2905 776 2967; x_wconf 87' lang='lat' dir='ltr'><strong>illum</strong></span> <span class='ocrx_word' id='word_1_156' title='bbox 812 2904 996 2984; x_wconf 89' lang='lat' dir='ltr'><strong>rediturum,</strong></span> <span class='ocrx_word' id='word_1_157' title='bbox 1030 2905 1174 2988; x_wconf 91' lang='lat' dir='ltr'><strong>idemque</strong></span> <span class='ocrx_word' id='word_1_158' title='bbox 1205 2907 1339 2971; x_wconf 89' lang='lat' dir='ltr'><strong>coniecit</strong></span> 
     </span>
     <span class='ocr_line' id='line_1_21' title="bbox 216 3017 1339 3105; baseline 0.003 -24"><span class='ocrx_word' id='word_1_159' title='bbox 216 3017 418 3081; x_wconf 82' lang='lat' dir='ltr'><strong>Scholiastam</strong></span> <span class='ocrx_word' id='word_1_160' title='bbox 449 3025 486 3081; x_wconf 90' lang='lat' dir='ltr'><strong>ut</strong></span> <span class='ocrx_word' id='word_1_161' title='bbox 516 3019 700 3102; x_wconf 86' lang='lat' dir='ltr'><strong>saepissime,</strong></span> <span class='ocrx_word' id='word_1_162' title='bbox 732 3019 857 3081; x_wconf 91' lang='lat' dir='ltr'><strong>nomina</strong></span> <span class='ocrx_word' id='word_1_163' title='bbox 880 3025 1070 3103; x_wconf 87' lang='lat' dir='ltr'><strong>permutasse</strong></span> <span class='ocrx_word' id='word_1_164' title='bbox 1093 3026 1125 3082; x_wconf 87' lang='lat' dir='ltr'><strong>et</strong></span> <span class='ocrx_word' id='word_1_165' title='bbox 1149 3020 1339 3105; x_wconf 87' lang='lat' dir='ltr'><strong>Aeschylum</strong></span> 
     </span>
     <span class='ocr_line' id='line_1_22' title="bbox 215 3131 631 3224; baseline 0 -30"><span class='ocrx_word' id='word_1_166' title='bbox 215 3132 369 3216; x_wconf 88' lang='lat' dir='ltr'><strong>scripsisse</strong></span> <span class='ocrx_word' id='word_1_167' title='bbox 391 3153 447 3216; x_wconf 92' lang='lat' dir='ltr'><strong>pro</strong></span> <span class='ocrx_word' id='word_1_168' title='bbox 470 3131 631 3224; x_wconf 80' lang='lat' dir='ltr'><strong>Euripide.</strong></span> 
     </span>
    </p>

    <p class='ocr_par' dir='ltr' id='par_1_7' title="bbox 217 3244 1340 4237">
     <span class='ocr_line' id='line_1_23' title="bbox 262 3244 1336 3330; baseline 0.002 -24"><span class='ocrx_word' id='word_1_169' title='bbox 262 3244 461 3308; x_wconf 88' lang='lat' dir='ltr'><strong>Dissentiunt</strong></span> <span class='ocrx_word' id='word_1_170' title='bbox 490 3245 548 3307; x_wconf 90' lang='lat' dir='ltr'><strong>viri</strong></span> <span class='ocrx_word' id='word_1_171' title='bbox 579 3244 673 3308; x_wconf 89' lang='lat' dir='ltr'><strong>docti.</strong></span> <span class='ocrx_word' id='word_1_172' title='bbox 705 3244 808 3310; x_wconf 84' lang='lat' dir='ltr'><strong>Litem</strong></span> <span class='ocrx_word' id='word_1_173' title='bbox 832 3245 1039 3309; x_wconf 84' lang='lat' dir='ltr'><strong>nondirimit</strong></span> <span class='ocrx_word' id='word_1_174' title='bbox 1063 3245 1178 3310; x_wconf 86' lang='lat' dir='ltr'><strong>Nauck</strong></span> <span class='ocrx_word' id='word_1_175' title='bbox 1202 3269 1230 3330; x_wconf 92' lang='lat' dir='ltr'><strong>p.</strong></span> <span class='ocrx_word' id='word_1_176' title='bbox 1255 3249 1336 3324; x_wconf 77' lang='lat' dir='ltr'><strong>45o;</strong></span> 
     </span>
     <span class='ocr_line' id='line_1_24' title="bbox 219 3356 1338 3442; baseline 0.003 -22"><span class='ocrx_word' id='word_1_177' title='bbox 219 3380 290 3420; x_wconf 91' lang='lat' dir='ltr'><strong>cum</strong></span> <span class='ocrx_word' id='word_1_178' title='bbox 321 3356 436 3421; x_wconf 86' lang='lat' dir='ltr'><strong>Vatero</strong></span> <span class='ocrx_word' id='word_1_179' title='bbox 469 3358 603 3423; x_wconf 65' lang='lat' dir='ltr'><strong>faciunt&gt;</strong></span> <span class='ocrx_word' id='word_1_180' title='bbox 621 3358 756 3422; x_wconf 85' lang='lat' dir='ltr'><strong>Dindorf</strong></span> <span class='ocrx_word' id='word_1_181' title='bbox 783 3366 815 3423; x_wconf 92' lang='lat' dir='ltr'><strong>et</strong></span> <span class='ocrx_word' id='word_1_182' title='bbox 846 3359 992 3436; x_wconf 88' lang='lat' dir='ltr'><strong>Mueller,</strong></span> <span class='ocrx_word' id='word_1_183' title='bbox 1026 3360 1125 3423; x_wconf 90' lang='lat' dir='ltr'><strong>eidem</strong></span> <span class='ocrx_word' id='word_1_184' title='bbox 1149 3359 1338 3442; x_wconf 81' lang='lat' dir='ltr'><strong>refragratur</strong></span> 
     </span>
     <span class='ocr_line' id='line_1_25' title="bbox 217 3469 1337 3557; baseline 0.002 -24"><span class='ocrx_word' id='word_1_185' title='bbox 217 3469 356 3534; x_wconf 84' lang='lat' dir='ltr'><strong>Ribbeck</strong></span> <span class='ocrx_word' id='word_1_186' title='bbox 387 3472 430 3534; x_wconf 91' lang='lat' dir='ltr'><strong>sie</strong></span> <span class='ocrx_word' id='word_1_187' title='bbox 458 3470 593 3535; x_wconf 89' lang='lat' dir='ltr'><strong>scribens</strong></span> <span class='ocrx_word' id='word_1_188' title='bbox 616 3495 646 3557; x_wconf 96' lang='lat' dir='ltr'><strong>p.</strong></span> <span class='ocrx_word' id='word_1_189' title='bbox 673 3474 753 3535; x_wconf 75' lang='lat'>213:</span> <span class='ocrx_word' id='word_1_190' title='bbox 778 3471 871 3549; x_wconf 88' lang='lat' dir='ltr'><strong>„Das</strong></span> <span class='ocrx_word' id='word_1_191' title='bbox 895 3472 1011 3548; x_wconf 87' lang='lat' dir='ltr'><strong>Mittel,</strong></span> <span class='ocrx_word' id='word_1_192' title='bbox 1036 3471 1183 3535; x_wconf 88' lang='lat' dir='ltr'><strong>wodnrch</strong></span> <span class='ocrx_word' id='word_1_193' title='bbox 1208 3471 1274 3534; x_wconf 91' lang='lat' dir='ltr'><strong>sich</strong></span> <span class='ocrx_word' id='word_1_194' title='bbox 1298 3472 1337 3535; x_wconf 86' lang='lat' dir='ltr'><strong>D.</strong></span> 
     </span>
     <span class='ocr_line' id='line_1_26' title="bbox 217 3582 1282 3667; baseline 0.003 -22"><span class='ocrx_word' id='word_1_195' title='bbox 217 3605 277 3646; x_wconf 91' lang='lat' dir='ltr'><strong>von</strong></span> <span class='ocrx_word' id='word_1_196' title='bbox 296 3583 356 3646; x_wconf 91' lang='lat' dir='ltr'><strong>den</strong></span> <span class='ocrx_word' id='word_1_197' title='bbox 376 3583 557 3647; x_wconf 87' lang='lat' dir='ltr'><strong>Acharnern</strong></span> <span class='ocrx_word' id='word_1_198' title='bbox 577 3582 697 3661; x_wconf 87' lang='lat' dir='ltr'><strong>befreit,</strong></span> <span class='ocrx_word' id='word_1_199' title='bbox 719 3585 760 3647; x_wconf 90' lang='lat' dir='ltr'><strong>ist</strong></span> <span class='ocrx_word' id='word_1_200' title='bbox 778 3583 848 3646; x_wconf 90' lang='lat' dir='ltr'><strong>dem</strong></span> <span class='ocrx_word' id='word_1_201' title='bbox 869 3584 1035 3667; x_wconf 91' lang='lat' dir='ltr'><strong>Aeschylos</strong></span> <span class='ocrx_word' id='word_1_202' title='bbox 1053 3583 1282 3667; x_wconf 88' lang='lat' dir='ltr'><strong>nachgebildet.</strong></span> 
     </span>
     <span class='ocr_line' id='line_1_27' title="bbox 218 3695 1338 3781; baseline 0.004 -25"><span class='ocrx_word' id='word_1_203' title='bbox 218 3695 276 3758; x_wconf 92' lang='lat' dir='ltr'><strong>Die</strong></span> <span class='ocrx_word' id='word_1_204' title='bbox 310 3695 534 3779; x_wconf 87' lang='lat' dir='ltr'><strong>Vermuthuug</strong></span> <span class='ocrx_word' id='word_1_205' title='bbox 568 3719 627 3760; x_wconf 92' lang='lat' dir='ltr'><strong>von</strong></span> <span class='ocrx_word' id='word_1_206' title='bbox 663 3695 760 3759; x_wconf 86' lang='lat' dir='ltr'><strong>Vater</strong></span> <span class='ocrx_word' id='word_1_207' title='bbox 789 3696 844 3759; x_wconf 91' lang='lat' dir='ltr'><strong>der</strong></span> <span class='ocrx_word' id='word_1_208' title='bbox 875 3696 1027 3760; x_wconf 87' lang='lat' dir='ltr'><strong>Scholiast</strong></span> <span class='ocrx_word' id='word_1_209' title='bbox 1059 3696 1138 3761; x_wconf 90' lang='lat' dir='ltr'><strong>habe</strong></span> <span class='ocrx_word' id='word_1_210' title='bbox 1169 3697 1338 3781; x_wconf 85' lang='lat' dir='ltr'><strong>cigentlich</strong></span> 
     </span>
     <span class='ocr_line' id='line_1_28' title="bbox 218 3807 1340 3894; baseline 0.004 -22"><span class='ocrx_word' id='word_1_211' title='bbox 218 3809 377 3889; x_wconf 75' lang='grc' dir='ltr'><em>Εύριντίδην</em></span> <span class='ocrx_word' id='word_1_212' title='bbox 406 3815 484 3873; x_wconf 88' lang='lat' dir='ltr'><strong>statt</strong></span> <span class='ocrx_word' id='word_1_213' title='bbox 513 3808 664 3888; x_wconf 73' lang='grc' dir='ltr'><em>Αἰσχύλον</em></span> <span class='ocrx_word' id='word_1_214' title='bbox 694 3807 855 3872; x_wconf 89' lang='lat' dir='ltr'><strong>schreiben</strong></span> <span class='ocrx_word' id='word_1_215' title='bbox 887 3809 1007 3888; x_wconf 87' lang='lat' dir='ltr'><strong>wellen,</strong></span> <span class='ocrx_word' id='word_1_216' title='bbox 1039 3811 1093 3873; x_wconf 87' lang='lat' dir='ltr'><strong>hat</strong></span> <span class='ocrx_word' id='word_1_217' title='bbox 1122 3811 1222 3894; x_wconf 83' lang='lat' dir='ltr'><strong>wenig</strong></span> <span class='ocrx_word' id='word_1_218' title='bbox 1245 3811 1340 3876; x_wconf 87' lang='lat' dir='ltr'><strong>wabr-</strong></span> 
     </span>
     <span class='ocr_line' id='line_1_29' title="bbox 218 3921 1340 4000; baseline 0.003 -15"><span class='ocrx_word' id='word_1_219' title='bbox 218 3922 429 4000; x_wconf 87' lang='lat' dir='ltr'><strong>scheinliches,</strong></span> <span class='ocrx_word' id='word_1_220' title='bbox 461 3921 500 3984; x_wconf 89' lang='lat' dir='ltr'><strong>da</strong></span> <span class='ocrx_word' id='word_1_221' title='bbox 531 3923 665 3986; x_wconf 88' lang='lat' dir='ltr'><strong>nachher</strong></span> <span class='ocrx_word' id='word_1_222' title='bbox 696 3945 729 3986; x_wconf 92' lang='lat' dir='ltr'><strong>so</strong></span> <span class='ocrx_word' id='word_1_223' title='bbox 751 3922 846 3986; x_wconf 85' lang='lat' dir='ltr'><strong>violes</strong></span> <span class='ocrx_word' id='word_1_224' title='bbox 871 3924 917 3986; x_wconf 91' lang='lat' dir='ltr'><strong>als</strong></span> <span class='ocrx_word' id='word_1_225' title='bbox 940 3946 995 3987; x_wconf 91' lang='lat' dir='ltr'><strong>aus</strong></span> <span class='ocrx_word' id='word_1_226' title='bbox 1018 3923 1088 3986; x_wconf 91' lang='lat' dir='ltr'><strong>dem</strong></span> <span class='ocrx_word' id='word_1_227' title='bbox 1111 3923 1176 3988; x_wconf 81' lang='lat' dir='ltr'><strong>Tel.</strong></span> <span class='ocrx_word' id='word_1_228' title='bbox 1201 3925 1255 3988; x_wconf 90' lang='lat' dir='ltr'><strong>des</strong></span> <span class='ocrx_word' id='word_1_229' title='bbox 1278 3924 1340 3988; x_wconf 89' lang='lat' dir='ltr'><strong>Eu-</strong></span> 
     </span>
     <span class='ocr_line' id='line_1_30' title="bbox 218 4033 1339 4121; baseline 0.002 -23"><span class='ocrx_word' id='word_1_230' title='bbox 218 4035 333 4121; x_wconf 89' lang='lat' dir='ltr'><strong>ripides</strong></span> <span class='ocrx_word' id='word_1_231' title='bbox 357 4035 496 4119; x_wconf 85' lang='lat' dir='ltr'><strong>parodirt</strong></span> <span class='ocrx_word' id='word_1_232' title='bbox 518 4033 696 4119; x_wconf 85' lang='lat' dir='ltr'><strong>angegeben</strong></span> <span class='ocrx_word' id='word_1_233' title='bbox 719 4035 804 4099; x_wconf 87' lang='lat' dir='ltr'><strong>wird.</strong></span> <span class='ocrx_word' id='word_1_234' title='bbox 830 4035 889 4098; x_wconf 90' lang='lat' dir='ltr'><strong>Die</strong></span> <span class='ocrx_word' id='word_1_235' title='bbox 910 4035 1151 4119; x_wconf 85' lang='lat' dir='ltr'><strong>Vervvechslung</strong></span> <span class='ocrx_word' id='word_1_236' title='bbox 1170 4037 1204 4100; x_wconf 89' lang='lat' dir='ltr'><strong>in</strong></span> <span class='ocrx_word' id='word_1_237' title='bbox 1224 4037 1339 4101; x_wconf 89' lang='lat' dir='ltr'><strong>diesem</strong></span> 
     </span>
     <span class='ocr_line' id='line_1_31' title="bbox 219 4147 1338 4237; baseline 0.004 -27"><span class='ocrx_word' id='word_1_238' title='bbox 219 4148 308 4211; x_wconf 90' lang='lat' dir='ltr'><strong>einen</strong></span> <span class='ocrx_word' id='word_1_239' title='bbox 329 4147 415 4237; x_wconf 76' lang='lat' dir='ltr'><strong>Ealle</strong></span> <span class='ocrx_word' id='word_1_240' title='bbox 434 4156 514 4211; x_wconf 72' lang='lat' dir='ltr'><strong>vitre</strong></span> <span class='ocrx_word' id='word_1_241' title='bbox 533 4148 622 4212; x_wconf 90' lang='lat' dir='ltr'><strong>nieht</strong></span> <span class='ocrx_word' id='word_1_242' title='bbox 642 4148 731 4212; x_wconf 86' lang='lat' dir='ltr'><strong>recht</strong></span> <span class='ocrx_word' id='word_1_243' title='bbox 749 4147 926 4212; x_wconf 77' lang='lat' dir='ltr'><strong>erkl&#39;arlich.</strong></span> <span class='ocrx_word' id='word_1_244' title='bbox 947 4148 1005 4212; x_wconf 86' lang='lat' dir='ltr'><strong>Ich</strong></span> <span class='ocrx_word' id='word_1_245' title='bbox 1024 4148 1095 4212; x_wconf 86' lang='lat' dir='ltr'><strong>sehe</strong></span> <span class='ocrx_word' id='word_1_246' title='bbox 1114 4173 1154 4213; x_wconf 90' lang='lat' dir='ltr'><strong>an</strong></span> <span class='ocrx_word' id='word_1_247' title='bbox 1173 4151 1229 4214; x_wconf 85' lang='lat' dir='ltr'><strong>der</strong></span> <span class='ocrx_word' id='word_1_248' title='bbox 1241 4150 1338 4214; x_wconf 86' lang='lat' dir='ltr'><strong>Sache</strong></span> 
     </span>
    </p>

    <p class='ocr_par' dir='ltr' id='par_1_8' title="bbox 165 4261 1340 4460">
     <span class='ocr_line' id='line_1_32' title="bbox 219 4261 1340 4348; baseline 0.003 -23"><span class='ocrx_word' id='word_1_249' title='bbox 219 4261 333 4338; x_wconf 86' lang='lat' dir='ltr'><strong>nichts,</strong></span> <span class='ocrx_word' id='word_1_250' title='bbox 366 4284 426 4325; x_wconf 90' lang='lat' dir='ltr'><strong>was</strong></span> <span class='ocrx_word' id='word_1_251' title='bbox 457 4263 511 4325; x_wconf 88' lang='lat' dir='ltr'><strong>des</strong></span> <span class='ocrx_word' id='word_1_252' title='bbox 540 4262 710 4346; x_wconf 90' lang='lat' dir='ltr'><strong>Aeschylos</strong></span> <span class='ocrx_word' id='word_1_253' title='bbox 732 4262 898 4346; x_wconf 84' lang='lat' dir='ltr'><strong>unvviirdig</strong></span> <span class='ocrx_word' id='word_1_254' title='bbox 920 4270 1009 4326; x_wconf 73' lang='lat' dir='ltr'><strong>wtre.</strong></span> <span class='ocrx_word' id='word_1_255' title='bbox 1034 4262 1200 4348; x_wconf 87' lang='lat' dir='ltr'><strong>Euripides</strong></span> <span class='ocrx_word' id='word_1_256' title='bbox 1223 4263 1340 4329; x_wconf 89' lang='lat' dir='ltr'><strong>konnte</strong></span> 
     </span>
     <span class='ocr_line' id='line_1_33' title="bbox 165 4354 1340 4460; baseline 0.002 -22"><span class='ocrx_word' id='word_1_257' title='bbox 165 4354 167 4358; x_wconf 10' lang='grc' dir='ltr'><em>Α</em></span> <span class='ocrx_word' id='word_1_258' title='bbox 219 4374 306 4438; x_wconf 85' lang='lat' dir='ltr'><strong>recht</strong></span> <span class='ocrx_word' id='word_1_259' title='bbox 328 4381 387 4458; x_wconf 87' lang='lat' dir='ltr'><strong>gut</strong></span> <span class='ocrx_word' id='word_1_260' title='bbox 408 4374 469 4439; x_wconf 90' lang='lat' dir='ltr'><strong>den</strong></span> <span class='ocrx_word' id='word_1_261' title='bbox 492 4375 558 4460; x_wconf 87' lang='lat' dir='ltr'><strong>Zug</strong></span> <span class='ocrx_word' id='word_1_262' title='bbox 580 4397 640 4439; x_wconf 91' lang='lat' dir='ltr'><strong>von</strong></span> <span class='ocrx_word' id='word_1_263' title='bbox 659 4375 723 4439; x_wconf 91' lang='lat' dir='ltr'><strong>ihm</strong></span> <span class='ocrx_word' id='word_1_264' title='bbox 743 4375 888 4438; x_wconf 87' lang='lat' dir='ltr'><strong>entlebnt</strong></span> <span class='ocrx_word' id='word_1_265' title='bbox 907 4373 1038 4438; x_wconf 83' lang='lat' dir='ltr'><strong>haben.&#39;’</strong></span> <span class='ocrx_word' id='word_1_266' title='bbox 1058 4374 1152 4440; x_wconf 90' lang='lat' dir='ltr'><strong>Hisce</strong></span> <span class='ocrx_word' id='word_1_267' title='bbox 1172 4398 1244 4440; x_wconf 91' lang='lat' dir='ltr'><strong>vero</strong></span> <span class='ocrx_word' id='word_1_268' title='bbox 1263 4377 1340 4440; x_wconf 89' lang='lat' dir='ltr'><strong>mihi</strong></span> 
     </span>
    </p>
   </div>
   <div class='ocr_carea' id='block_1_5' title="bbox 0 0 1632 5370">
    <p class='ocr_par' dir='ltr' id='par_1_9' title="bbox 0 0 1632 5370">
     <span class='ocr_line' id='line_1_34' title="bbox 0 0 1632 5370; baseline 0 0"><span class='ocrx_word' id='word_1_269' title='bbox 0 0 1632 5370; x_wconf 95' lang='lat' dir='ltr'><strong> </strong></span> 
     </span>
    </p>
   </div>
  </div>
 </body>
</html>
