3218 5370
139 2154 144 2159 .
206 2094 260 2160 Vs.
288 2090 343 2157 52.
591 2095 787 2176 ὑπερτάτοισιν
810 2095 954 2177 άνδράσιν.

248 2210 361 2294 Neque
392 2209 540 2292 ὑπέρτερος
568 2210 650 2297 Ιιγε.Ι
674 2211 690 2273 7
696 2214 736 2276 72
767 2233 870 2294 neque
898 2209 1057 2290 ὑπέρτατος
1082 2210 1149 2272 Αν.’
1168 2197 1253 2272 17ὑὸ
1282 2232 1330 2274 co·

205 2325 355 2386 micorum
379 2330 434 2386 est.
458 2324 589 2407 Epicum
613 2328 660 2386 est
682 2346 716 2386 ac
740 2324 904 2407 tragicum.
924 2322 1022 2407 Bpico
1042 2329 1165 2386 tantum
1185 2345 1324 2386 sermone

203 2438 348 2500 convenit
371 2435 594 2516 ὑπερηνορέουσιν
618 2458 661 2499 vs,
687 2438 738 2498 53.

203 2659 257 2724 Vs.
284 2652 329 2722 76
353 2680 418 2741 sqq.
576 2651 596 2720 ὦ
621 2656 795 2736 Πηγάσειον,
818 2655 906 2739 φησὶ,
927 2663 1059 2735 γεννοιῖον
1083 2656 1197 2737 πτερόν.

246 2771 348 2835 Schol.
378 2769 460 2850 ποιρά
489 2769 529 2832 τοὶ
560 2771 592 2833 ἐκ
618 2769 849 2850 Βελλεροφόντου
873 2769 1039 2849 Εὐριπίδου.
1064 2770 1171 2840 ἐκεῖνος
1196 2767 1253 2848 γάρ
1277 2766 1325 2831 διά

202 2884 343 2961 Πηγάσου
366 2887 417 2946 τοῦ
441 2887 586 2962 πτερυτοῦ
610 2880 745 2958 ἐπεθύμει
770 2883 809 2953 εἰς
832 2882 880 2944 τὸν
904 2882 1016 2961 οὑροινὺν
1039 2882 1180 2944 άνελάεῑν.

380 2993 461 3072 ,,άγ’
487 2989 507 3057 ὦ
530 2994 616 3075 φίλον
640 3018 688 3071 μοι
713 2992 855 3070 Πηγάσου
879 2991 1011 3073 πτεράν.”
1035 2993 1073 3056 fr.
1100 2994 1173 3056 308.

249 3109 291 3171 Ut
326 3108 364 3171 de
398 3107 525 3193 parodia
555 3106 652 3169 huius
685 3106 862 3190 tragoediae
888 3111 1019 3182 constet,
1041 3105 1149 3189 paucis
1173 3126 1325 3190 exponen·

201 3223 277 3285 dum
312 3227 357 3283 est
389 3226 619 3303 argumentum,
651 3219 689 3282 de
717 3240 780 3301 quo
811 3216 890 3281 bene
920 3217 1092 3301 disputavit
1115 3216 1261 3280 Welelrer
1283 3215 1320 3280 Π
1393 3232 1396 3237 “

202 3357 231 3420 p.
271 3335 332 3397 785
368 3355 433 3416 sqq.
470 3331 733 3414 Antiquissimum
766 3332 805 3394 de
835 3329 1078 3414 Bellerophonte
1107 3329 1322 3394 testimonium

203 3444 330 3530 praehet
353 3445 446 3508 Hom.
471 3444 512 3507 Il.
537 3443 585 3506 VI
610 3446 672 3506 155
693 3465 758 3527 sqq.
780 3443 860 3507 Bell.
881 3443 958 3506 falsa
971 3443 1091 3506 Anteae
1103 3442 1322 3506 criminatione

201 3557 315 3621 Proeto
347 3564 520 3641 suspectus,
553 3557 692 3619 mittitur
723 3557 756 3619 in
785 3554 923 3639 Lyciam,
948 3556 1050 3619 hostes
1074 3562 1106 3618 et
1136 3555 1322 3619 chimaeram

201 3671 348 3748 devincit,
379 3669 475 3733 filiam
506 3669 588 3753 regis
620 3668 733 3752 Lyciae
765 3685 894 3732 uxerem
923 3668 1021 3747 ducit,
1047 3670 1119 3733 άλλ’
1142 3667 1189 3732 ὅτε
1213 3668 1247 3740 δη
1271 3665 1323 3731 uc}

201 3790 292 3854 κεῖνος
316 3782 470 3861 άπάχάετο
494 3787 568 3845 πάσι
593 3783 699 3853 θεοῖσιν,
720 3779 725 3869 l
746 3776 763 3855 ἦ
786 3805 828 3845 τοι
852 3779 864 3846 ὃ
888 3781 952 3844 κὰπ
974 3782 1070 3846 πεδίον
1091 3782 1123 3845 τὸ
1141 3775 1324 3853 Ἀληϊονοῖος

201 3897 307 3967 άλάτο,
329 3892 334 3982 l
354 3895 382 3958 ὃν
407 3895 494 3972 θυμὸν
517 3893 661 3966 κιιτὲδων,
685 3892 779 3958 πάτον
796 3894 946 3973 άνὺράποιν
965 3894 1107 3957 άλεείνων.
1129 3893 1228 3957 Filius
1241 3893 1323 3955 enim

200 4008 327 4090 filiaque
348 4030 366 4071 a
389 4006 491 4070 Marte
515 4012 548 4068 et
570 4005 672 4069 Biana
694 4007 797 4069 necati
822 4013 921 4070 erant.

245 4119 401 4183 Hesiodus
434 4125 540 4182 narrat
572 4117 844 4203 Bellerophontem
876 4141 948 4180 cum
978 4117 1095 4202 Pegaso
1126 4117 1320 4208 Chimaeram

200 4232 401 4308 interfecisse,
427 4231 543 4315 Theog.
569 4233 651 4294 325:
670 4231 723 4304 την
746 4232 800 4309 μὲν
825 4231 965 4308 Πήγοισος
986 4225 1044 4294 εἷλε
1063 4229 1114 4295 κον)
1135 4232 1234 4302 ἐσθλὸς
1247 4241 1320 4293 Βελ-

200 4328 383 4424 λεροφόντης,
416 4349 459 4406 et
472 4342 634 4427 Pegasum,
658 4365 752 4426 quem
773 4365 837 4406 non
860 4349 988 4406 noverat
1011 4342 1174 4421 Homerus,
1200 4343 1231 4405 in
1256 4364 1322 4405 coe·
